4075 6192
193 302 249 361 ιιι
926 305 1116 364 nulsione.
1785 324 1838 379 {gs

230 415 315 474 Valde
333 422 490 474 murum
507 410 629 471 locorum
649 416 797 485 ingemisco
817 417 893 491 [lla.‚
915 419 989 491 ioge-
1000 419 1028 482 Δ
1040 435 1119 477 suum
1132 438 1181 493 per
1198 439 1245 480 vos
1257 425 1408 493 benefacta,
1420 437 1551 499 perpetua
1563 443 1678 488 summa
1689 432 1838 491 beautudi-

193 504 298 579 mesco]
312 505 507 573 vastationem
528 507 576 562 sed
593 516 692 563 vestrae
709 507 771 564 lldei
791 508 912 565 laetilleor
922 523 989 567 con·
1041 512 1085 566 nis
1100 509 1186 581 gloria
1201 515 1372 571 remuneret?
1391 515 1447 572 lloc
1460 517 1573 589 singulis
1589 518 1744 589 vigiliarum
1761 537 1838 581 mea·

192 598 307 663 nuntia,
321 595 423 665 [leique
433 596 625 666 omnipotentis
639 597 794 654 eudaudans
808 597 989 663 clementiam,
1043 614 1102 654 rum
1115 603 1267 666 momentis,
1281 604 1332 660 buc
1343 606 1498 674 quotidiana
1508 608 1706 678 supplicatione
1717 615 1837 684 requiro.

192 692 240 762 qui
255 688 303 744 tibi
316 687 496 742 intermunus
508 701 675 759 paganorum
689 689 822 759 pepercit,
839 688 900 744 ideo
912 687 990 744 irrma
1041 688 1070 742 ln
1085 687 1136 745 bac
1150 705 1229 760 prece
1246 691 1273 745 iu
1291 702 1437 762 conspectu
1451 695 1593 763 ditissimi,
1607 698 1719 754 intimas
1730 701 1838 759 deside·

193 782 247 839 tide
265 784 293 837 in
310 795 366 851 quo
380 779 477 850 cepisti
497 781 636 851 proposito
654 795 814 852 permaneas
828 800 836 838 ε
852 782 992 841 conlidens
1042 778 1074 832 rii
1095 779 1148 834 mei
1168 780 1301 851 lacrymas
1314 798 1362 852 per
1382 783 1440 838 loca
1454 796 1610 842 sanctorum
1627 797 1777 861 martyrum
1795 794 1838 848 vol

191 886 223 931 ro
238 870 992 944 remanseranuer,urosnaentoausqsnpt.cre
1042 865 1228 923 consessorum
1240 869 1353 936 christi.
1368 887 1421 940 auo
1433 888 1477 927 me
1491 874 1543 928 ier
1562 876 1746 935 insanientis
1755 880 1838 937 omu-

192 965 296 1022 mentia
315 962 355 1019 uel
372 961 503 1034 dorilei..
527 972 678 1028 conservet,
698 964 851 1035 ubicunque
871 965 992 1022 iratcnro
1042 956 1088 1020 cit,
1106 956 1217 1013 fundite
1229 974 1282 1014 ¹¹⁰¹1
1295 974 1382 1019 (8550·

192 1056 308 1114 consilio
326 1065 353 1111 te
370 1053 492 1110 babitare
509 1054 575 1109 velit
595 1054 677 1110 Deus.
696 1054 798 1110 Tamen
815 1056 873 1111 sive
891 1057 918 1110 in
933 1055 992 1111 loco
1079 1047 1133 1103 Ἴθι
1145 1063 1252 1119 semper·
1269 1050 1397 1114 5¹¹⁰01i30·
1410 1060 1438 1106 0²
1450 1053 1530 1121 primi
1545 1054 1616 1111 illei
1629 1059 1711 1112 iiiii
1726 1072 1839 1128 imit

193 1146 373 1202 habitationis
385 1143 538 1215 singularis,
553 1144 610 1199 sive
623 1145 649 1199 in
663 1145 782 1202 fraterna
791 1148 903 1202 cohorte
914 1145 990 1219 illa,
1045 1137 1080 1190 iii
1095 1138 1122 1191 in
1133 1152 1190 1192 ore.
1211 1139 1272 1206 V⁰³2
1290 1139 1403 1210 piissimi
1419 1141 1522 1206 Patres,
1535 1157 1581 1197 ⁸0¹¹
1602 1143 1629 1197 ¹¹¹
1649 1146 1839 1204 ⁰⁰¹⁰¹¹¹⁸¹¹¹¹h¹¹⁸

193 1241 331 1294 internas
341 1233 490 1307 cobortesi,
505 1235 652 1290 solitariam
664 1238 895 1293 conversationem
908 1246 935 1293 ot
948 1252 991 1292 sn-
1045 1236 1145 1284 sauctae
1157 1230 1290 1284 orationis
1304 1229 1379 1295 loris,
1396 1233 1438 1286 vel
1452 1233 1478 1287 in
1492 1233 1604 1288 secretis
1618 1233 1838 1303 deprecationum

192 1339 285 1387 creua
296 1328 443 1393 umbones,
454 1335 482 1381 et
491 1324 654 1396 ieiuniorum
669 1328 835 1399 propositum
850 1328 992 1401 diligenter
1044 1329 1195 1377 vestrarum
1207 1320 1446 1380 intercessionibus
1457 1324 1599 1379 Alcuinum
1614 1324 1697 1380 lilium
1709 1335 1839 1393 vestrum,

192 1421 327 1484 „ligem
340 1417 403 1486 qnia
419 1430 471 1471 non
485 1417 531 1486 qui
544 1418 666 1487 coeperit,
682 1418 730 1473 sed
742 1419 787 1488 qui
801 1434 992 1490 persever-nvo·
1043 1412 1153 1485 perlici
1166 1412 1295 1483 deprecor
1308 1413 1480 1479 charitatem,
1492 1414 1594 1485 jugiter
1607 1414 1634 1469 iu
1649 1417 1730 1472 corde
1743 1417 1839 1473 habete

194 1510 242 1574 iit,
258 1516 312 1565 eto.
331 1507 439 1579 (llottlr.
455 1522 482 1573 a,
498 1506 555 1581 ιι).
578 1506 682 1579 licque,
704 1509 825 1573 obsecro,
846 1512 872 1566 in
891 1513 993 1568 sanctis
1044 1507 1180 1561 ttinere.
1198 1506 1250 1561 tos
1262 1521 1378 1575 quoque,
1394 1506 1439 1575 qui
1452 1506 1519 1561 estis
1531 1514 1611 1562 aetate
1623 1506 1682 1571 ulii,
1696 1507 1743 1563 sed
1758 1509 1839 1564 meri·

193 1600 251 1656 tuis
273 1597 443 1654 orationibus
459 1598 558 1654 lrabeto
582 1600 786 1666 memorialiter,
811 1603 881 1658 sicut
902 1603 991 1659 liuitta
1044 1607 1133 1655 torum
1157 1599 1301 1655 sanctitate
1320 1598 1425 1663 Patres,
1448 1615 1498 1670 per
1511 1599 1629 1654 divinam
1642 1600 1765 1655 obtestor
1782 1599 1838 1675 ele·
1935 1604 1938 1610 '

194 1691 264 1747 mibi
283 1705 318 1746 ea
340 1690 394 1744 tuis
416 1689 506 1745 verbis
529 1688 600 1746 fideli
625 1690 756 1747 relatione
775 1694 900 1764 promisit
926 1713 933 1747 ι
953 1695 993 1749 vi·
1045 1692 1184 1757 arentiam,
1201 1706 1338 1761 uunquam
1351 1693 1511 1747 conditionis
1522 1693 1655 1748 vestraein
1667 1694 1768 1749 sanctis
1780 1709 1840 1749 ora·

194 1786 363 1855 mentesque
389 1792 418 1838 te
445 1781 544 1839 iratres
563 1785 746 1841 consolatione
764 1787 849 1841 sancti
876 1786 993 1857 Spiritus
1007 1767 1031 1826 Β
1045 1784 1164 1839 tionibus
1176 1784 1367 1839 obliviscimini
1380 1785 1549 1855 magistrum.
1564 1785 1654 1840 'lestis
1666 1785 1738 1840 onim
1751 1784 1841 1840 cordis

194 1876 340 1947 diligenter
357 1874 491 1940 admone,
508 1875 656 1931 exhortans
672 1890 733 1942 cus,
754 1884 782 1931 ut
802 1877 828 1932 in
845 1877 892 1932 liei
905 1878 990 1933 conil-
1044 1874 1097 1929 mei
1111 1874 1180 1929 mibi
1190 1882 1233 1929 est
1244 1874 1390 1943 inspector,
1404 1875 1466 1944 quia
1482 1874 1578 1930 devote
1599 1885 1718 1931 vestram
1734 1890 1841 1946 semper

194 1967 265 2023 dant
274 1964 457 2035 protectione,
472 1971 500 2019 et
518 1965 711 2020 intercessione
723 1966 811 2021 sancti
829 1964 992 2022 Cudberobti
1044 1961 1072 2017 in
1087 1963 1279 2018 ecclesiasticis
1294 1962 1443 2033 disciplinis
1454 1972 1483 2019 et
1501 1965 1616 2033 spiritali
1631 1964 1753 2020 doctriua
1767 1965 1839 2022 desi-

195 2054 286 2111 Patrls
296 2054 390 2110 nostri.
403 2053 462 2109 Non
473 2054 500 2109 in
510 2069 648 2111 armorum
659 2056 784 2125 strepitu,
796 2055 838 2110 vel
850 2057 876 2110 in
888 2057 993 2112 ruitura
1045 2052 1158 2107 derabat
1171 2051 1332 2121 proiectum.
1346 2052 1381 2107 Et
1399 2053 1420 2109 si
1436 2053 1500 2123 quid
1513 2053 1603 2109 minus
1617 2054 1771 2125 accepistis,
1785 2069 1840 2110 noo

193 2145 314 2215 lapidum
325 2146 459 2217 congerie,
473 2146 519 2201 sed
532 2145 560 2200 in
571 2161 649 2201 muro
658 2146 768 2215 pietatis
780 2161 903 2217 supernae
916 2162 992 2218 spem
1046 2157 1121 2208 meae,
1131 2142 1222 2208 credo,
1235 2142 1320 2211 culpe
1328 2140 1451 2213 deputari
1460 2150 1560 2212 potest.
1572 2143 1606 2196 Et
1616 2158 1753 2213 nunquam
1763 2142 1841 2200 istius

194 2235 248 2291 sibi
267 2244 348 2291 certae
361 2234 525 2292 delensionis
543 2236 721 2302 constituant;
741 2246 769 2291 et
784 2237 925 2308 presentis
945 2238 994 2293 tri·
1045 2233 1191 2290 voluntatis
1205 2247 1282 2300 mene,
1298 2234 1355 2288 sive
1368 2234 1477 2300 elizeus,
1493 2235 1550 2290 8th
1564 2250 1693 2304 prditui·
1705 2234 1739 2290 (Ῑθ
1750 2244 1842 2291 vestro

193 2324 344 2381 bulationis
361 2324 499 2380 miseriam
516 2326 550 2381 ad
568 2333 676 2382 aeternae
694 2325 831 2383 felicitatis
849 2328 994 2383 beatitmli-
1044 2325 1184 2396 proiectu,
1203 2324 1390 2381 mussolento
1410 2323 1537 2381 cessabit.
1555 2324 1577 2380 0
1592 2325 1712 2380 omnium
1725 2323 1839 2381 dilectis·

195 2431 258 2471 nem
274 2413 439 2471 transierant
454 2430 461 2468 :
476 2422 534 2471 toto
547 2432 576 2471 sc
588 2416 669 2472 corde
680 2425 841 2473 convertant
853 2417 887 2472 ad
903 2418 994 2473 Domi·
1045 2416 1106 2472 simi
1127 2415 1224 2471 Patres
1242 2423 1271 2470 et
1291 2413 1402 2481 iratres,
1421 2430 1558 2471 memores
1579 2415 1633 2470 mei
1656 2423 1742 2471 estote
1763 2432 1770 2469 ε
1792 2430 1842 2487 ego

196 2523 270 2571 num,
283 2509 346 2564 etsi
360 2508 425 2578 quid
437 2507 657 2564 inmoribussuis
669 2509 867 2564 emendandum
881 2509 925 2573 sit,
938 2524 991 2564 non
1045 2517 1135 2562 vestet·
1151 2522 1209 2571 ero,
1229 2507 1285 2562 sive
1300 2507 1327 2561 in
1341 2508 1405 2573 vita,
1421 2507 1520 2562 sivein
1540 2516 1637 2564 morte.
1653 2507 1687 2562 Et
1702 2506 1772 2563 sorte
1791 2508 1842 2563 mi·

196 2600 316 2672 segniter
328 2599 474 2671 corrigant,
489 2609 520 2655 ut
534 2600 590 2655 lieo
600 2600 706 2656 illorum
718 2600 826 2671 placcat
840 2603 990 2666 conversio,
1043 2597 1181 2651 serebitur
1198 2595 1226 2664 9
1249 2594 1301 2649 mei
1322 2594 1408 2661 Deus,
1425 2604 1456 2651 ut
1474 2597 1552 2668 cujus
1569 2596 1711 2651 infantiam
1724 2597 1841 2662 aluistis,

195 2690 267 2745 sieut
277 2689 457 2745 Ninivitarum
471 2689 496 2744 ei
515 2689 617 2760 placuit
633 2690 808 2759 poenitentia,
827 2698 854 2745 et
873 2691 994 2761 pepercit
1043 2686 1103 2755 elus
1113 2694 1279 2741 senectutem
1297 2685 1443 2756 sepeliatis.
1461 2686 1535 2743 Etsi
1556 2686 1626 2741 alter
1644 2689 1753 2758 corpori
1767 2688 1852 2746 loeus.

197 2780 302 2837 durau
314 2795 365 2851 per
378 2781 511 2850 lacrymas
525 2779 712 2836 confitentium
730 2789 840 2850 peccata
859 2797 917 2836 sua.
933 2781 994 2837 Cle-
1045 2776 1227 2847 deputabitur,
1246 2784 1337 2831 tamen
1356 2775 1462 2842 animae,
1482 2775 1695 2846 qualemcunque
1717 2776 1842 2835 habitura

198 2888 275 2932 mons
286 2881 328 2930 est
342 2873 451 2928 bertset
462 2871 626 2937 misericors,
638 2881 665 2927 et
675 2872 777 2926 nullum
792 2872 955 2943 derelinquit
965 2875 993 2928 in
1045 2868 1107 2931 erit,
1118 2881 1167 2936 per
1174 2875 1280 2921 rostras
1290 2866 1471 2932 sarcasmo
1480 2867 1609 2932 donante,
1620 2867 1839 2933 intercessiones,

199 2980 229 3021 te
241 2972 410 3035 nemnem
423 2976 485 3016 uam
496 2968 524 3016 et
537 2960 683 3017 novissima
693 2958 744 3015 lob
757 2960 868 3016 iuemnt
881 2963 993 3018 meliora
1047 2957 1154 3027 requies
1164 2955 1313 3021 vobiscum,
1325 2956 1416 3020 credo,
1432 2955 1590 3023 donabitur,
1605 2957 1679 3026 quia,
1693 2958 1764 3013 sieut
1774 2973 1842 3028 puer

198 3052 348 3125 prioribus;
370 3054 411 3109 sic
428 3060 457 3107 et
472 3050 548 3107 vobis
564 3052 646 3108 credo
658 3049 755 3116 iaciat,
768 3052 790 3107 si
807 3053 841 3108 ad
862 3054 922 3124 ejus
940 3053 994 3111 ele·
1047 3060 1140 3107 noster
1153 3048 1257 3105 Seneca
1272 3048 1413 3106 sevidisse
1428 3058 1551 3115 testatur,
1569 3059 1670 3106 nostrae
1686 3051 1842 3108 fraternita-

200 3145 326 3201 mentiam
343 3143 540 3215 depredandam
556 3143 722 3199 unanimiter
737 3146 860 3200 conversi
877 3143 992 3202 lncritis.
1048 3142 1083 3197 tis
1093 3130 1198 3195 animat
1219 3140 1246 3195 in
1264 3139 1473 3199 eodemlaeiiilae
1485 3140 1546 3197 leco
1563 3141 1766 3212 congregandas
1781 3158 1843 3200 etse

465 3266 478 3295 ,
498 3253 664 3310 EPISTOLA
685 3254 726 3310 w·
1046 3231 1206 3287 credimus:
1223 3230 1273 3286 etsi
1288 3231 1454 3289 meritorum
1468 3231 1612 3289 diversitas
1631 3231 1714 3286 adum
1737 3232 1851 3290 beatius

337 3362 368 3400 u,
387 3360 507 3401 „mm
523 3360 699 3400 mmm
716 3362 858 3401 mm,
1046 3323 1137 3379 laetari
1157 3321 1249 3388 laciet,
1270 3329 1360 3378 tamen
1382 3322 1545 3379 aeternitatis
1566 3322 1718 3393 aequalitas.
1731 3331 1843 3380 cunctos

444 3436 533 3509 (Cim,
552 3452 651 3492 annum
672 3438 746 3511 793.)
1046 3413 1162 3471 feliciter
1175 3414 1266 3469 virere
1277 3412 1384 3470 efficiet.
1397 3414 1432 3470 Et
1446 3414 1517 3470 sieut
1528 3431 1600 3470 unus
1612 3415 1653 3470 sol
1665 3416 1842 3473 unuribuslu-

205 3547 242 3604 Se
252 3547 284 3602 ab
297 3545 501 3603 Edorocenaibos
513 3549 545 3602 alr
557 3548 669 3618 inluuie
682 3568 762 3622 usqam
773 3552 807 3605 od
820 3552 918 3607 virilem
931 3563 995 3608 oto·
1046 3511 1098 3567 ω’
1112 3520 1165 3559 ⁰⁰⁰
1179 3513 1266 3607 Quen
1281 3514 1393 3609 propter
1407 3505 1547 3610 wlomm
1563 3506 1718 3612 dlsufmm
1731 3507 1842 3615 wm-

239 3626 289 3671 pem
305 3618 442 3672 educatam
457 3627 532 3687 mm,
551 3621 639 3672 ,mimo
650 3622 796 3689 prometur·
811 3621 922 3684 mmm
937 3640 993 3676 om,
1047 3606 1089 3652 ter
1099 3597 1134 3652 ab
1145 3596 1270 3651 onrnrbus
1281 3597 1397 3662 ardetur,
1409 3607 1446 3651 rta
1455 3607 1557 3653 aterna
1568 3599 1707 3656 beatrtudo
1718 3601 1843 3659 omntbut

236 3688 308 3741 nium
323 3689 483 3743 orationibus
497 3704 524 3742 ae
536 3688 716 3754 commcndut;
735 3700 770 3756 et,
788 3701 816 3745 ut
830 3710 846 3745 n
865 3694 932 3747 uitiis
945 3694 995 3746 ribi
1047 3688 1074 3743 in
1087 3689 1135 3744 lici
1148 3703 1231 3758 regno
1242 3686 1323 3755 justis
1334 3687 1536 3757 perdonabitur,
1549 3689 1613 3746 licet
1626 3691 1786 3747 meritorum
1801 3709 1843 3749 su

236 3766 355 3823 canant,
370 3757 500 3812 immitti·
1045 3778 1165 3847 blimitas
1185 3777 1252 3833 alios
1269 3776 1371 3845 majore
1389 3775 1473 3848 gloria
1490 3790 1610 3836 coronet.
1625 3782 1666 3836 Ad
1685 3799 1767 3853 quam
1787 3783 1843 3854 glo-

237 3865 426 3921 bitecttssimts
437 3874 465 3920 er
477 3867 554 3922 valdo
565 3871 803 3927 venerabiliorem
815 3872 915 3928 utrrtsu
932 3877 996 3930 otro·
1047 3869 1124 3932 riam.
1141 3868 1291 3923 charissimi
1305 3866 1413 3934 traua,
1426 3878 1482 3925 tota
1497 3871 1645 3929 intentione
1658 3882 1686 3928 ct
1697 3875 1844 3933 voirrntatis

202 3955 282 4011 rivae
293 3956 309 3997 b
319 3955 500 4012 soanensis
516 3957 644 4014 setosis
658 3959 797 4028 torribus,
812 3972 909 4019 vestro
925 3964 996 4020 ultus
1046 3958 1137 4027 oneris
1149 3958 1327 4027 nosmetipsos
1344 3958 1439 4028 dianus
1457 3961 1770 4032 oemeniropraenarate.

203 4046 310 4116 pietatis
325 4044 443 4102 Albinus
454 4047 583 4104 diaconos
594 4050 717 4106 sniooen,
757 4081 759 4086 ·
1083 4045 1160 4102 Nulla
1173 4046 1290 4101 carnalis
1304 4046 1530 4117 eoncupiscentia,
1546 4048 1621 4102 nulla
1631 4050 1769 4105 menbris
1781 4067 1840 4106 aur-

238 4136 337 4193 'lotum
361 4151 429 4192 meae
449 4138 600 4195 devotionis
620 4148 715 4210 pectus
738 4152 835 4199 vestrae
857 4145 998 4200 charitatis
1048 4143 1114 4199 bitio
1125 4143 1299 4199 beatitudinis
1312 4144 1364 4198 iter
1376 4133 1453 4199 vobis
1466 4143 1635 4209 intercludat,
1652 4144 1699 4199 scd
1711 4160 1761 4215 per
1770 4147 1840 4201 viam

204 4225 344 4282 dulcedine
362 4227 500 4297 impletur,
519 4230 588 4285 etsi
608 4231 672 4300 quid
691 4231 769 4302 pleno
788 4235 889 4289 amoris
908 4235 998 4290 modio
1049 4236 1170 4290 veritatis
1183 4243 1211 4291 et
1225 4235 1386 4301 sanctitatis,
1402 4251 1544 4307 perquam
1562 4238 1633 4293 beati
1646 4237 1752 4303 Patres,
1769 4254 1840 4308 prae·

202 4317 997 4390 supperaddipotcst,quotidiccrescendeaceumulatur‚ita
1049 4324 1205 4379 decessores
1225 4325 1323 4389 nostri,
1343 4327 1378 4380 ad
1400 4340 1483 4396 regna
1505 4333 1688 4395 pervenerunt
1709 4327 1841 4393 coelesda,

204 4416 232 4462 ut
245 4406 328 4464 solius
340 4411 478 4464 memorie
492 4413 525 4465 de
539 4411 615 4467 vobis
630 4413 761 4480 suavitas,
778 4418 997 4485 supervenientes
1012 4428 1165 4509 Dsupema
1174 4429 1223 4468 vos
1235 4414 1381 4468 comitante
1392 4415 1490 4484 gratia,
1503 4416 1560 4483 pari
1574 4415 1682 4485 pietatis
1695 4432 1840 4483 consensu,

202 4496 341 4570 molaris
351 4498 482 4569 angustie
491 4499 678 4557 tribulationes
689 4503 767 4574 longe
777 4520 791 4559 a
802 4508 915 4561 secretis
925 4522 998 4562 men·
1050 4519 1103 4557 unu
1119 4502 1265 4558 voluntatis
1281 4501 1389 4567 ellectu,
1409 4505 1574 4573 quotidianis
1597 4505 1698 4560 currite
1713 4505 1842 4578 proiecti·

205 4588 240 4643 tis
254 4603 322 4644 mee
332 4589 466 4645 monibus
479 4590 713 4661 depellarutnoo
730 4595 796 4650 nihi
807 4596 944 4668 singulare
955 4614 998 4653 so
1049 4594 1110 4648 bns.
1129 4590 1240 4646 ennon
1257 4600 1375 4647 anostra
1389 4600 1483 4649 saneta
1503 4596 1707 4652 conversatione
1721 4596 1843 4668 repetem

203 4681 298 4735 latium
310 4681 338 4736 in
351 4681 449 4751 spiritu
462 4682 654 4741 consolationis
666 4694 766 4742 sonoro
776 4687 907 4743 Donrinns
919 4688 998 4743 cini.
1050 4682 1202 4753 segnitiem,
1227 4681 1360 4736 luxuriam
1388 4684 1511 4739 castitate
1537 4693 1655 4752 mutate,
1682 4687 1841 4744 ebrietatem

203 4780 263 4826 atus
275 4771 429 4842 perdonare
449 4772 574 4844 dignatus
594 4783 646 4830 est.
672 4777 726 4832 Vos
750 4776 859 4850 fragiles
881 4779 1000 4835 infantiae
1050 4771 1127 4843 quisi
1150 4769 1248 4826 infimi
1271 4770 1364 4828 s⁰i0³⁵
1392 4772 1494 4845 fugito,
1519 4790 1700 4847 supervacuos
1726 4782 1854 4839 wilini.

204 4874 274 4916 ntea
288 4874 374 4915 annos
387 4859 441 4933 [tt.
456 4861 571 4935 animus]
586 4873 709 4919 materno
725 4866 830 4923 levistis
849 4868 955 4929 affectu,
973 4876 1000 4924 et
1051 4871 1164 4920 omatus
1180 4863 1263 4919 nolite
1276 4865 1539 4934 exquirerellelius
1551 4875 1593 4923 est
1614 4870 1700 4925 servis
1713 4870 1771 4936 Del.
1784 4872 1842 4926 ant-

205 4948 337 5005 lascivum
350 4951 474 5020 pueritiae
492 4954 655 5023 tempuspia
676 4957 841 5012 sustinuistis
860 4959 999 5028 patientia,
1052 4974 1124 5013 mam
1140 4957 1331 5014 ecclesiasticis
1350 4974 1449 5014 ornare
1472 4960 1605 5025 moribus,
1627 4974 1709 5029 quam
1732 4975 1851 5031 eorpus„
1875 5014 1878 5019 .

205 5050 363 5111 etpaternar
380 5042 566 5113 distigatiouis
580 5045 728 5116 disciplinis
742 5048 775 5102 ad
790 5047 937 5117 periectarn
950 5051 1000 5107 viri
1052 5047 1182 5103 laicorum
1195 5049 1399 5114 cousuetudine,
1422 5051 1572 5119 pompatice
1596 5049 1695 5105 vestire
1711 5053 1840 5108 vanitate.

206 5130 353 5185 edocrdstis
363 5137 481 5197 aretem,
494 5140 522 5187 et
532 5148 671 5189 sacrarum
683 5136 835 5192 errrditioue
845 5138 1000 5210 disciplina·
1053 5137 1087 5191 Et
1102 5139 1197 5193 melius
1219 5149 1274 5204 est,
1294 5155 1372 5195 sacra
1392 5140 1488 5195 matris
1511 5139 1640 5197 Ecclesia
1665 5143 1849 5205 mundissima.

206 5236 267 5276 rum
292 5222 451 5277 roborastis.
472 5222 542 5290 Quid
567 5224 626 5294 plus
646 5225 737 5281 dicere
757 5227 860 5292 habco,
883 5229 953 5295 nisi,
973 5239 1004 5287 ut
1053 5227 1158 5285 calcare
1184 5228 1285 5295 limina,
1308 5246 1388 5300 quam
1414 5229 1558 5291 lutulentas
1581 5232 1687 5290 viluna
1712 5233 1849 5294 tosdttatts

206 5313 302 5367 aetorm
318 5311 510 5384 Rogispietas,
526 5317 616 5371 omnia
635 5317 744 5387 pietatis
764 5319 790 5373 in
811 5334 855 5374 nio
875 5318 1002 5376 inninlnnn
1053 5317 1163 5371 scuritas
1180 5317 1361 5387 frequentare.
1380 5319 1522 5389 Regularis
1536 5322 1598 5378 vitae
1616 5339 1665 5382 vos
1678 5325 1787 5385 ordinet
1800 5327 1843 5384 di·

243 5432 258 5463 ·
276 5422 349 5478 Edit.
363 5422 495 5509 Quercet.¹
506 5426 550 5492 98,
563 5426 655 5509 danis.
671 5429 702 5484 ιι
724 5429 850 5502 (Froben.
866 5433 903 5505 5).
1055 5437 1173 5507 §span
1189 5434 1251 5491 tot.
1264 5436 1383 5507 Epistola
1398 5439 1461 5494 data
1474 5440 1556 5499 luisse
1568 5442 1675 5499 videtur
1686 5459 1759 5502 anuo
1778 5445 1841 5509 ιιι,

243 5490 453 5549 satornana
473 5494 597 5552 docleatae
617 5499 754 5568 fratribus.
775 5501 827 5568 Qui
848 5503 1003 5559 institutum
1054 5516 1195 5575 postquam
1218 5508 1303 5562 altera
1316 5508 1375 5563 viee
1396 5510 1430 5564 ab
1450 5525 1545 5566 eorum
1562 5515 1842 5581 consortiosublatus,

207 5563 404 5618 monachorum
414 5562 658 5632 Benedictinorum,
673 5570 722 5624 abs
732 5571 823 5635 dubio,
840 5575 1004 5643 proliteban-
1055 5578 1082 5630 in
1094 5575 1208 5631 Galliam
1230 5576 1324 5642 rediit;
1345 5587 1407 5633 anm
1428 5580 1542 5647 ebdom,
1556 5590 1630 5652 puto,
1643 5583 1843 5641 Lindislarnetr-

208 5641 264 5753 mr,
281 5632 437 5714 intorques
455 5635 623 5729 aletrinusse
643 5638 786 5722 educatum
806 5644 1003 5727 ctUenntritum
1055 5662 1123 5728 sem,
1142 5644 1218 5714 eujus
1229 5647 1297 5701 alias
1315 5647 1341 5703 in
1355 5648 1405 5704 bae
1418 5649 1460 5706 vel
1472 5653 1594 5721 sepienti
1617 5654 1728 5729 epistola
1748 5654 1847 5711 merei«.

221 5717 295 5757 uisse
307 5703 351 5757 luc
364 5704 516 5772 prolitctur.
532 5705 591 5759 ιιι.
607 5706 706 5762 llalrrll.
729 5725 756 5764 rn
774 5711 867 5780 Elegio
882 5712 999 5777 dierunt,
1055 5724 1147 5771 nrsset
1656 5735 1660 5739 ·
