4075 6192
263 357 331 416 rnen
693 350 724 408 ι.
741 351 771 408 r.
791 326 987 411 stunt'snu
1008 352 1146 412 turcum
1165 309 1416 415 orrnuurtas
1433 352 1465 417 rt
1820 367 1891 425 rost

262 476 323 526 „aa
335 467 456 537 mmmm
469 463 537 536 etus
555 463 670 520 Proinde
681 461 819 535 subiungit
831 462 957 520 iduoiam
970 464 1044 521 otu.
1060 471 1083 530 Α
1096 484 1176 542 paam
1191 468 1278 525 labori
1290 478 1394 527 restro.
1416 470 1486 539 outa
1499 487 1553 529 noa
1564 472 1613 544 pai
1625 477 1756 547 nuperis,
1776 494 1894 539 uoroua·

262 552 715 629 cppnoeeeetes,iuuuit,sosbabsre
725 551 1048 609 melioremttmtmtets
1098 563 1180 627 bitur,
1202 562 1251 624 aad
1267 563 1312 634 psi
1329 564 1529 635 perseuerarent
1548 558 1577 621 ia
1595 569 1745 625 sensurias
1761 587 1844 643 mpure
1860 575 1893 629 iar

262 646 444 704 ammoniam.
459 643 542 713 Quasi
554 643 674 700 diceret:
687 643 798 699 Vestram
810 642 915 701 iuturus
926 645 1049 701 videntes
1097 652 1189 723 poem,
1201 653 1244 708 trie
1254 651 1344 709 mess
1356 655 1405 710 erit
1418 653 1526 727 (aaut.
1540 672 1569 723 u,
1583 655 1641 729 ἤ).
1665 658 1837 730 inpatientia
1851 665 1894 719 si-

262 733 548 792 tliritiassustinuistis
560 747 622 789 eum
636 733 743 804 gando.
768 733 846 800 Quod
866 734 978 790 necdum
998 750 1047 805 ap-
1098 744 1207 815 quidem
1220 743 1394 816 monistirio,
1414 745 1481 802 dieit
1497 747 1639 815 Dominus,
1658 750 1757 806 ammes
1773 763 1891 810 ammes.

261 832 359 895 paret,
378 824 456 895 quasi
473 839 593 895 prorsens
607 831 765 895 appareret,
785 826 947 883 cernebatis.
965 845 975 879 ι
991 826 1049 883 lior
1098 833 1253 904 Repnrtetis,
1267 834 1345 901 dixit,
1358 835 1387 892 id
1397 847 1449 903 est,
1467 838 1608 909 aoeipiatis
1623 841 1813 912 promissiones
1824 845 1891 901 liei.
1997 905 1999 908 ,

262 915 335 972 euim
352 923 438 972 totum
451 914 627 988 apostolieum
649 922 692 970 est
713 929 797 985 opus,
820 921 849 971 et
869 916 979 986 dignum
995 915 1049 971 illis
1099 920 1192 993 (Vnus.
1206 921 1265 995 tt.)
1287 923 1461 980 uterentur
1474 928 1606 983 modium
1619 929 1824 1003 obeunda,
1842 935 1894 1007 puri

178 1009 183 1018 ’
262 1006 378 1064 tortibm
391 1008 546 1072 animabus,
567 1015 598 1062 ut
617 1006 729 1078 depellis
742 1006 906 1077 gauderent,
928 1007 998 1062 siout
1020 1007 1049 1061 ia
1097 1014 1375 1080 rememorantem
1389 1023 1414 1070 et
1426 1018 1614 1074 nontsrdoitt.
1630 1020 1688 1078 Non
1699 1023 1811 1079 minima
1822 1040 1893 1082 oon·

262 1098 378 1155 Actibus
389 1097 571 1168 apostolorum
590 1095 708 1167 legitur:
728 1095 828 1151 Enntee
846 1108 934 1150 uatem
951 1114 969 1151 a
985 1113 1049 1151 ron·
1097 1102 1195 1160 solatio
1209 1112 1252 1160 est
1267 1104 1377 1171 laboris,
1396 1109 1452 1164 oito
1465 1125 1575 1181 sperare
1589 1121 1734 1171 venturum
1750 1117 1890 1187 judiuem,

263 1185 341 1254 silio,
364 1185 506 1257 pandentes
520 1184 590 1262 ,puio
612 1185 685 1256 dipni
706 1185 869 1241 habebantur
881 1203 928 1257 pro
946 1188 1050 1243 suntne
1098 1201 1126 1249 et
1139 1206 1379 1266 remuneratorem,
1391 1209 1418 1257 et
1431 1203 1641 1274 consolatorem,
1654 1222 1891 1268 remuneraturum

262 1273 327 1331 tera
339 1274 521 1330 eomometiam
534 1273 590 1346 poti
600 1273 671 1346 (det.
680 1289 708 1340 r,
718 1274 775 1346 11).
791 1273 1001 1346 θοςιιοεωῐιῑθὸ,
1011 1277 1051 1332 111·
1098 1286 1255 1343 certaminis
1264 1292 1453 1347 coustautiam.
1467 1292 1560 1365 (Vsus.
1571 1295 1617 1361 38,
1626 1296 1684 1369 39.)
1695 1296 1789 1355 laetas
1800 1311 1892 1357 atem

262 1367 387 1437 puttam
396 1365 535 1421 meliorem
544 1365 844 1423 habereetmauentem
853 1368 1049 1434 substantiam
1099 1391 1172 1431 mene
1189 1391 1222 1431 es
1239 1377 1292 1448 pte
1306 1379 1385 1436 sirit:
1405 1381 1482 1448 Quod
1498 1383 1522 1439 si
1537 1384 1747 1456 subtraxeritis,
1765 1405 1819 1446 non
1832 1391 1893 1463 pta·

263 1471 344 1535 prout
354 1463 471 1530 dioaret,
491 1463 612 1528 ltrotam,
631 1472 659 1520 et
676 1463 856 1520 substantiam
869 1461 989 1537 wirma,
1004 1464 1051 1519 lir-
1098 1464 1164 1522 retn
1180 1467 1277 1522 mmm
1293 1483 1368 1525 mee.
1392 1469 1450 1526 Nos
1463 1480 1551 1528 auem
1567 1490 1620 1530 nun
1631 1476 1712 1548 Ὶω
1723 1491 1818 1534 surm
1830 1480 1894 1534 ssi-

262 1566 335 1607 mam
347 1558 375 1608 et
385 1550 535 1625 stabileml,
547 1566 608 1622 qum
618 1551 709 1621 perire
723 1565 777 1607 uon
789 1552 892 1622 possit,
911 1552 981 1609 siem
998 1552 1050 1609 ista
1100 1555 1236 1610 tractionis
1244 1555 1294 1626 filii
1302 1557 1331 1613 in
1338 1558 1519 1630 perditiones,
1530 1563 1576 1617 sed
1583 1563 1647 1633 fidei
1654 1565 1682 1619 in
1690 1565 1894 1639 madrisium

261 1651 371 1699 terrena
382 1644 483 1714 perit.»
502 1643 604 1699 Deinde
614 1643 726 1700 laudans
737 1658 784 1700 eos
793 1644 874 1701 dicit:
887 1643 980 1718 (tear.
1003 1644 1050 1719 st)
1100 1645 1206 1700 ammo.
1227 1645 1285 1702 lloe
1300 1648 1487 1720 propheticum
1506 1652 1597 1709 intulit
1607 1652 1753 1725 Apostolus
1766 1658 1895 1715 mane

263 1733 353 1791 Nolite
374 1735 461 1808 itaque
483 1736 602 1800 omittere
624 1735 809 1805 confidentiam
830 1744 966 1804 oestrum,
991 1753 1052 1808 pau
1100 1736 1222 1793 monium
1234 1738 1268 1794 ad
1278 1738 1493 1797 exhortationem
1505 1742 1578 1800 idei.
1590 1743 1668 1801 Siout
1677 1747 1894 1821 displioehitqui

261 1821 388 1892 proadem
400 1822 476 1878 habet
487 1824 720 1880 remunerationem
740 1826 811 1908 apud
821 1824 917 1882 Deum
931 1826 1051 1898 Apparet
1064 1814 1089 1875 Β
1100 1826 1222 1896 dubitat,
1239 1829 1279 1885 ita
1296 1830 1343 1900 qut
1360 1832 1523 1901 crediderit,
1542 1835 1614 1892 viret
1629 1836 1658 1892 ia
1672 1836 1726 1895 ide
1738 1854 1787 1895 saa
1804 1849 1892 1897 reeta.

262 1921 354 1970 autem
374 1915 438 1984 quia
458 1915 487 1970 in
507 1929 604 1987 magna
627 1914 789 1971 confidentia
805 1924 884 1971 erant
899 1914 935 1971 ad
947 1914 1051 1985 iteum
1101 1915 1271 1990 Quapropter
1282 1921 1426 1978 warnos
1438 1922 1568 1982 uelociter
1579 1927 1686 1984 reniam
1705 1926 1811 2002 [Forte
1825 1946 1894 1988 reu-

261 2019 343 2075 quam
357 2020 391 2062 ns
403 2006 569 2072 amitterent,
583 2007 779 2064 instantissime
792 2023 839 2064 eos
852 2009 994 2076 hortatum
1011 2008 1053 2065 ia·
1101 1999 1330 2087 turum]iudirem
1337 2014 1893 2092 causumetpraparemnsmrohvtan

234 2115 237 2122 ⁴
261 2097 340 2155 cilius
353 2099 425 2155 enirn
440 2099 545 2172 integra
559 2107 758 2156 oonseruantur
768 2115 850 2170 quam
861 2100 960 2156 amissa
973 2116 1052 2158 mou·
1100 2105 1130 2161 iu
1143 2106 1222 2163 honis
1238 2107 1359 2177 aodbus,
1378 2124 1414 2166 ne
1430 2111 1517 2170 umus
1531 2113 1722 2172 motionis
1735 2116 1783 2173 dlii
1799 2133 1816 2173 a
1830 2118 1894 2176 lues

261 2197 401 2259 parantur.
416 2189 489 2247 Nihil
502 2192 576 2247 enim
588 2191 665 2247 vohis
676 2191 860 2247 necessarium
874 2200 930 2259 est,
949 2192 1003 2248 nisi
1020 2200 1053 2248 ut
1100 2196 1280 2267 sempiterna3
1292 2198 1341 2256 sed
1350 2200 1535 2271 adquisitionis
1544 2203 1574 2258 in
1583 2202 1775 2276 gloriarum
1785 2208 1895 2265 umetis

260 2279 339 2334 stetis
351 2278 477 2346 tirmiter,
494 2287 522 2335 et
537 2280 718 2351 permaneatis
732 2280 758 2335 in
772 2279 933 2337 fortitudine
947 2289 1050 2349 ream,
1099 2286 1128 2343 in
1139 2288 1287 2359 diemagno
1298 2289 1438 2348 audientes
1447 2307 1541 2350 rooem
1550 2294 1770 2353 desiderabilm:
1781 2297 1891 2368 territe,

260 2383 320 2440 pam
333 2384 457 2439 munem
468 2368 546 2424 tabet
561 2368 793 2425 remunerationem
805 2368 877 2440 opud
889 2369 984 2424 Deam.
1099 2377 1226 2434 iamdicti
1238 2376 1328 2436 Putris
1339 2382 1400 2449 mei,
1412 2383 1535 2455 percipite
1548 2399 1667 2456 emnam,
1677 2386 1744 2458 quod
1755 2387 1827 2443 asiis
1839 2405 1895 2460 pe·

296 2455 379 2512 Vsus.
392 2456 438 2513 bd.
450 2487 486 2498 -
501 2456 634 2512 Patientia
648 2458 717 2513 esim
735 2457 806 2513 uobis
826 2459 973 2514 messario
994 2468 1049 2526 est,
1099 2475 1188 2522 mam
1198 2475 1239 2522 est
1250 2466 1284 2521 ai
1297 2468 1397 2540 orimus
1408 2469 1501 2525 madi
1513 2468 1621 2543 (murt.
1633 2488 1697 2540 xxv,
1709 2471 1766 2546 51).

260 2556 290 2602 nt
306 2546 465 2603 soisntmem
480 2546 531 2603 Dei
547 2547 671 2618 {mammes
690 2549 825 2622 reportetis
840 2549 1048 2621 promissionem.
1134 2556 1288 2631 (limusque
1297 2560 1388 2617 aare.
1399 2559 1893 2637 &neormampnntsjtsttptmotae

259 2636 283 2695 0
296 2645 396 2710 quauta
412 2638 569 2711 magnitudo
582 2639 778 2696 exhortationis
791 2639 870 2695 latius
886 2648 914 2695 et
925 2637 1050 2696 corsola·
1099 2648 1135 2702 ad
1145 2646 1270 2705 lieiroeor
1281 2652 1458 2722 maternum
1467 2661 1538 2721 mss,
1550 2652 1589 2710 mi
1598 2654 1632 2711 si
1643 2655 1701 2727 ipso
1711 2655 1837 2725 Abdus,
1851 2659 1893 2715 ast

260 2729 342 2786 donis
353 2727 473 2786 t³ilnuru
487 2730 587 2802 quippe
599 2744 667 2801 opus
680 2731 814 2797 habeatis,
828 2731 927 2796 idest,
943 2740 974 2787 ut
985 2746 1049 2802 per·
1100 2738 1260 2816 altirerr'o.)

260 2822 391 2881 meretis
407 2823 435 2880 in
449 2839 548 2897 spone,
561 2824 647 2881 donee
659 2824 797 2896 recipiatis
812 2837 940 2881 eoronam
953 2824 1050 2881 mndi-
1062 2857 1087 2922 c

231 687 243 746 ‘r

232 747 243 802 ι

1509 2975 1887 2993 ῃ

841 3072 1139 3141 COMMENTATIO
1162 3074 1304 3139 Batavis

648 3217 681 3262 ur
705 3215 854 3272 onasnarr
874 3212 985 3259 sanem
1004 3213 1098 3258 rauna
1119 3213 1267 3260 arosrour
1286 3216 1488 3264 saumariis.

295 3392 593 3464 hihinusdeboouuod
601 3383 1046 3461 dieit'hpostolusadCorinthios:
1099 3386 1172 3458 quod
1191 3384 1309 3458 Spiritus
1328 3387 1356 3444 iu
1375 3402 1410 3446 eo
1429 3387 1599 3459 loquebatur,
1619 3388 1711 3446 saltn
1724 3388 1837 3461 protulit
1860 3388 1890 3446 iu

260 3490 343 3548 Omne
355 3493 489 3560 peecatum
498 3481 669 3556 quodcunque
679 3478 769 3552 feeerit
780 3480 857 3535 homo
868 3487 943 3534 estro
953 3493 1048 3550 corpas
1099 3479 1239 3550 medium,
1261 3489 1292 3538 ut
1312 3480 1448 3553 loquentis
1468 3481 1496 3539 in
1517 3498 1547 3540 se
1565 3482 1728 3540 auctoritate
1742 3480 1891 3548 firmam,

257 3591 312 3646 ειη
327 3578 373 3653 pai
389 3586 477 3633 nutem
488 3575 647 3646 irrumator,
669 3572 696 3628 in
718 3586 812 3642 eor-par
825 3586 902 3625 mam
916 3577 1004 3642 peccat
1018 3568 1046 3644 (1
1099 3588 1182 3646 mam
1198 3574 1256 3631 suis
1272 3574 1441 3633 auditoribus
1453 3574 1616 3646 persuadere
1628 3573 1724 3630 voluit.
1749 3572 1819 3629 Sunt
1836 3574 1889 3644 qui

257 3670 321 3730 Cor.
334 3682 373 3737 tt,
388 3667 443 3741 18).
468 3665 544 3735 Quod
567 3664 603 3721 ita
625 3662 693 3720 solvi
712 3668 811 3735 potest.
836 3658 917 3716 httnd
938 3667 980 3716 est
997 3674 1048 3731 per
1098 3663 1236 3720 estimant
1251 3677 1314 3719 enm
1332 3665 1385 3721 hoo
1402 3664 1436 3720 de
1452 3663 1598 3720 reconditis
1616 3662 1789 3734 audquorum
1805 3662 1887 3718 libris

257 3774 357 3830 eorpus
371 3751 500 3828 peceare,
520 3754 593 3809 aliud
611 3753 638 3807 in
658 3765 782 3822 oorpore.
801 3747 855 3806 Per
866 3764 964 3820 eorpus
978 3747 1048 3804 hunt
1097 3752 1243 3825 protulisse
1255 3753 1451 3821 testimoninm,
1465 3752 1535 3809 sieut
1546 3755 1575 3807 in
1586 3752 1647 3809 aliis
1659 3767 1721 3809 eum
1735 3751 1801 3808 locis
1814 3751 1886 3824 lepi-

257 3850 341 3916 iurta,
355 3848 468 3921 rapina,
482 3844 637 3912 homicidia,
659 3852 687 3900 et
701 3844 744 3899 his
759 3841 875 3899 similia:
891 3842 919 3897 in
932 3854 1047 3913 eorpors
1097 3860 1161 3902 arus
1169 3842 1274 3902 iecisse.
1290 3842 1343 3901 Sed
1356 3845 1409 3901 hoe
1420 3843 1596 3915 querendum
1608 3843 1788 3914 estamplius
1799 3844 1885 3913 quasi

151 3991 154 3995 .
256 3954 322 3996 sero
336 3938 405 3995 dunt
417 3935 625 4002 fornicationes,
644 3942 673 3990 et
690 3932 831 3989 libidinum
849 3930 1045 3998 humunditiae3
1097 3936 1198 3992 viventi
1212 3936 1329 4004 diaeret,
1352 3951 1473 4007 esmpe,
1494 3935 1540 4008 psi
1562 3935 1679 3999 domis:
1696 3941 1724 3990 et
1741 3933 1884 4004 posterius

257 4031 302 4088 illa
314 4030 371 4103 agit
384 4044 493 4101 eorpus,
506 4029 565 4084 haec
577 4026 689 4100 patitur.
707 4023 814 4080 Aliter:
829 4023 859 4080 ln
873 4038 972 4094 eorpus
982 4037 1047 4094 peo-
1097 4027 1176 4099 quasi
1193 4035 1321 4084 monuo:
1340 4034 1366 4083 et
1381 4042 1491 4098 esssrps
1509 4043 1526 4081 e
1543 4025 1677 4082 mortuis!
1692 4024 1794 4080 Anima
1807 4037 1884 4079 mor·

256 4130 312 4188 eat,
326 4120 373 4192 qui
387 4118 456 4175 tollit
469 4118 592 4174 membra
603 4114 716 4181 Christi,
730 4121 759 4170 et
772 4112 839 4171 iacit
851 4114 973 4169 membra
988 4128 1046 4168 rna-
1097 4126 1151 4174 tem
1166 4118 1290 4191 legimus,
1304 4124 1352 4172 ut:
1370 4117 1466 4172 Anima
1479 4133 1538 4189 pao
1550 4116 1704 4189 peremerit,
1718 4115 1774 4187 ipsa
1786 4114 1884 4168 morm-

255 4209 375 4274 retriois,
388 4218 416 4263 ot
436 4205 565 4276 templum
586 4204 634 4267 liei
657 4202 723 4259 iaoit
744 4202 886 4259 delubrum
901 4200 1000 4258 diaboli
1016 4200 1044 4273 (1
1095 4209 1422 4284 ppfpfimt,m11‚20);
1437 4206 1827 4281 spirirummnontepimue.
1842 4205 1884 4262 Ae

255 4300 317 4357 Cor.
332 4314 372 4364 vr,
386 4295 441 4369 15).
467 4295 571 4352 Aliter:
591 4294 622 4349 lu
635 4308 734 4364 eorpus
746 4299 853 4364 peccat,
867 4291 914 4363 qui
927 4290 1046 4348 tornica-
1095 4302 1156 4359 tuen
1166 4301 1238 4373 quod
1249 4299 1330 4356 dicim
1341 4297 1471 4369 Emurpe,
1482 4298 1527 4370 pot
1539 4295 1648 4363 dormis,
1659 4295 1694 4352 ad
1705 4294 1829 4366 spiritum
1841 4309 1883 4349 re·

256 4388 432 4445 tioniseausa
446 4386 627 4459 uirginitatem
649 4383 754 4457 perdit,
778 4396 859 4451 quam
884 4396 1045 4454 recuperare
1096 4391 1177 4460 terri;
1192 4389 1265 4461 qnod
1278 4387 1359 4446 dicit:
1373 4384 1881 4459 essnrpeomortnis,animmuuaptari

255 4495 393 4552 nunquam
409 4485 513 4550 potest,
534 4477 669 4549 Propheta
683 4482 845 4532 attestante:
865 4472 943 4546 Virpo
958 4474 1044 4534 lsrael
1095 4490 1184 4553 pm
1194 4494 1219 4538 ι,

254 4572 360 4639 cecidit,
373 4571 419 4627 sed
433 4588 485 4627 non
498 4569 614 4642 adjiciet,
628 4578 656 4623 ut
669 4579 786 4640 remrpot
801 4568 901 4640 (Amos.
916 4583 945 4635 t,
960 4567 988 4635 i,
1002 4566 1042 4642 Ξ).
1129 4574 1169 4631 De
1187 4572 1307 4647 Epistola
1327 4573 1363 4628 ad
1382 4571 1479 4628 Titum.
1506 4570 1561 4628 Cur
1576 4569 1722 4641 Apostolus
1740 4565 1880 4637 minamur

254 4663 349 4721 Potest
358 4678 406 4734 per
415 4662 602 4735 ponitentiam
612 4661 797 4717 fornicationis
807 4677 888 4717 causa
899 4661 979 4728 dilui;
995 4663 1044 4719 sed
1093 4664 1200 4737 gentilis
1216 4671 1303 4735 poetae
1321 4663 1507 4734 comprobaret
1524 4661 1726 4718 testimonium:
1745 4658 1881 4715 Cretenses

228 4741 231 4750 ’
253 4756 360 4828 perdita
369 4756 531 4827 uirginitatis
539 4768 639 4810 ooruna
650 4754 750 4810 resuran
759 4754 861 4824 nequit
875 4753 947 4811 Sunt
957 4763 985 4812 et
995 4755 1043 4827 qui
1092 4771 1193 4826 semper
1205 4754 1353 4821 medates,
1371 4752 1448 4809 mmo
1466 4754 1553 4809 bestiae
1570 4762 1595 4808 et
1612 4753 1710 4809 temris
1725 4751 1794 4823 pipri
1811 4748 1880 4823 (tn.

254 4848 288 4905 de
300 4862 386 4904 uxore
399 4846 451 4903 hoo
462 4847 556 4903 uolunt
568 4844 691 4918 intelligi.
1092 4863 1115 4915 r,
1128 4845 1194 4920 11))
1208 4845 1319 4902 Seiliuet
1331 4846 1428 4917 prohat
1438 4845 1503 4917 qnia
1517 4859 1612 4901 serum
1625 4843 1794 4901 intellexerat
1808 4840 1882 4898 tales

292 4939 340 4996 Cat
352 4947 380 4996 et
392 4938 445 4993 alia
459 4937 583 5009 questio,
597 4936 643 4993 ubi
657 4936 692 4992 ad
702 4935 835 5007 Ephesios
845 4933 990 5008 Apostolus
1002 4933 1043 4992 lo·
1091 4950 1163 5004 osse,
1173 4937 1268 5007 pudes
1277 4935 1383 4993 illorum
1393 4937 1513 5009 propriso
1519 4933 1881 5009 mptnnpnedtxttquen

254 5031 365 5102 unitura
382 5029 513 5101 Essnrpe,
525 5028 570 5101 pai
584 5026 695 5104 dormis,
716 5035 741 5083 et
761 5041 870 5099 esmrpe
886 5044 904 5082 u
918 5029 1042 5096 momnis,
1092 5027 1213 5086 alludens
1233 5029 1393 5100 prophetam
1411 5028 1573 5096 nominarim
1597 5029 1671 5101 quod
1688 5027 1791 5085 soiliueft
1809 5027 1881 5084 tales

253 5132 279 5178 et
298 5121 457 5178 illuminabit
478 5130 503 5177 te
521 5120 639 5176 Christos
653 5119 760 5193 (Epiros.
773 5136 802 5187 r,
817 5119 872 5191 11).
898 5115 946 5176 iiis
960 5119 1043 5176 etiam
1091 5117 1238 5176 Christiani
1251 5121 1318 5177 tales
1331 5129 1486 5178 mereantur
1498 5121 1600 5177 habere
1613 5121 1769 5194 prophetas.
1795 5118 1880 5176 Sum·

254 5212 354 5270 disitm
370 5212 417 5284 qui
436 5211 465 5267 ln
481 5210 600 5267 tenebris
620 5219 792 5280 peecatorum
811 5209 921 5281 iacent,
942 5209 996 5267 irno
1014 5217 1044 5267 et
1090 5212 1146 5284 psit
1166 5221 1258 5269 autem
1279 5212 1360 5269 istum
1380 5212 1543 5268 versiculum
1564 5211 1599 5269 de
1620 5212 1690 5268 libro
1711 5212 1880 5283 Epimenidis

254 5305 420 5370 moriuntur;
443 5303 490 5375 qui
513 5303 535 5358 si
555 5301 803 5373 perpoenitentiam
824 5309 953 5373 snrgunt,
977 5316 1040 5358 mox
1090 5303 1227 5361 Cretensis
1251 5312 1354 5377 poete,
1378 5303 1454 5374 radus
1478 5303 1573 5361 titulus
1596 5312 1661 5360 est:
1686 5302 1727 5358 De
1750 5303 1880 5359 oranti.

254 5394 306 5451 sihi
323 5393 422 5450 divinar
435 5393 528 5467 pratia
545 5392 636 5448 lumen
650 5392 744 5449 adosse
759 5393 889 5449 sendum.
913 5390 967 5449 Sed
979 5392 1041 5463 quis
1090 5393 1176 5463 Quem
1191 5395 1315 5451 eumdem
1332 5393 1523 5450 mttmarertm
1540 5393 1639 5465 legisse
1655 5390 1829 5465 Apostolum,
1849 5399 1881 5448 ut
2005 5373 2006 5432 i

254 5483 308 5541 bno
328 5469 443 5552 dixerit,
466 5484 586 5556 quodsi
611 5483 710 5556 Utique
727 5483 844 5557 Spiritus
863 5491 972 5540 sanctus
991 5498 1042 5554 per
1089 5492 1171 5548 sciret
1180 5490 1243 5562 quid
1251 5488 1390 5563 gentilium
1398 5488 1586 5559 promitterent
1594 5485 1703 5543 omenta
1710 5503 1719 5553 ;
1734 5500 1791 5544 non
1804 5483 1879 5558 quoti

253 5571 461 5644 Apostolumut
471 5590 521 5631 nos
530 5576 686 5633 exhortaret
696 5576 729 5631 ad
738 5576 933 5647 poenitentiam.
948 5574 1040 5644 taque
1090 5590 1176 5638 totum
1195 5579 1385 5651 comprobaret
1403 5579 1520 5646 librum,
1540 5577 1589 5636 sod
1603 5591 1699 5634 aarum
1713 5576 1742 5633 iu
1755 5584 1878 5635 stem

290 5725 382 5783 stite
395 5727 423 5783 S.
437 5726 511 5783 iiior.
525 5726 552 5782 in
566 5727 637 5783 buno
649 5727 748 5784 locum.
