4075 6192
233 316 301 376 tull
646 309 676 363 Β.
696 306 727 362 F.
747 305 859 362 statut
878 305 943 366 sut]
963 303 1100 362 ALCb'lb'l
1118 302 1260 362 OPERUM
1278 302 1366 360 PARS
1382 302 1413 360 Il.
1786 306 1854 366 lffl

233 430 505 487 cultnrceetsunctnor
518 422 654 481 seculare.
668 419 1144 491 Tabernacnlumenimpri-Aprior
1167 420 1276 474 intrarit
1299 435 1352 475 non
1381 419 1438 473 sine
1462 418 1602 491 sanguiue,
1625 417 1696 474 sicut
1722 418 1856 492 Propheta

232 540 305 580 mam
319 520 416 592 {celant
439 528 486 584 est,
508 518 535 571 in
549 532 600 588 qno
615 525 689 569 erant
711 512 1018 578 condelectaremur
1070 508 1195 580 praedixit
1208 527 1215 563 τ
1230 508 1295 576 Quis
1317 520 1354 564 est
1377 509 1436 574 iste,
1461 505 1507 580 qui
1521 507 1588 563 serait
1610 507 1642 562 de
1656 508 1743 565 Edorn
1769 514 1858 570 tinctis

232 597 374 687 proppsitio
385 625 491 681 panum,
504 607 575 679 qnod
589 607 686 660 dicitnr
696 615 797 660 sancta.
809 601 935 673 Legimus
946 602 1018 658 euim
1070 599 1180 654 cestibus
1207 600 1239 654 de
1263 599 1347 654 Basra
1372 595 1463 670 (lscioe
1484 613 1562 663 extu,
1587 596 1702 669 llised
1722 603 1852 670 patienter

225 702 260 758 sio
280 698 407 770 losepho,
433 697 633 752 tabernaculum
659 696 693 750 ad
718 696 804 750 instar
821 693 902 762 liujus
925 691 1018 747 mundi
1070 699 1255 760 exspectamus
1276 699 1383 759 tempus
1405 687 1613 744 resurrectionis
1623 697 1730 754 nostra,
1743 692 1769 746 in
1786 708 1856 763 quo,

233 790 332 847 lactum
348 788 503 843 :exteriora
516 803 581 842 vcro
595 787 674 858 hujus
698 783 789 841 seculi
805 784 917 856 figuram
933 783 1017 838 habe·
1069 796 1131 836 cum
1156 783 1322 852 apparuerit,
1347 781 1411 851 quid
1429 781 1548 846 erimus;
1578 782 1680 837 scimus
1705 784 1774 841 eninr
1785 786 1854 856 quia

231 878 306 935 bant.
323 878 426 934 Idcirco
440 877 560 949 quotidie
574 876 730 931 ministrant
742 875 828 930 sancti
852 874 1016 938 sacerdotes,
1069 874 1170 929 similes
1191 874 1229 929 illi
1243 875 1356 940 crimus,
1380 875 1432 929 hoc
1454 882 1504 937 est,
1519 873 1708 931 immortales:
1723 877 1791 933 sicut
1810 880 1855 935 illi

231 970 389 1026 accedentes
403 966 439 1042 [F
441 978 505 1032 orte,
525 965 712 1037 accendentes]
726 966 816 1019 lumen
828 963 965 1026 doctrinae,
991 973 1019 1018 et
1066 979 1142 1028 mors
1156 964 1227 1019 ultra
1240 980 1295 1019 non
1307 963 1500 1030 dominabitur,
1515 978 1566 1018 nec
1579 971 1671 1018 nostra
1690 980 1755 1021 caro
1766 967 1857 1022 domi·

229 1069 371 1133 pascentes
391 1059 518 1132 populum
536 1057 593 1113 bei.
609 1056 724 1122 Panum,
738 1057 784 1128 qui
799 1073 880 1128 super
895 1072 1017 1112 metrsam
1069 1065 1131 1109 nata
1150 1056 1213 1111 erit.
1231 1055 1296 1122 Qun
1314 1072 1365 1110 aon
1376 1065 1483 1128 possunt
1495 1056 1575 1127 jacta
1596 1058 1782 1112 conscientiam
1796 1076 1860 1130 per-

230 1171 244 1209 a
261 1155 374 1210 sabbato
384 1168 468 1223 usque
482 1152 515 1207 ad
526 1152 668 1207 sabbatum
679 1158 778 1220 praesto
791 1149 890 1205 debent
904 1164 978 1214 csse;
991 1149 1018 1204 id
1069 1145 1163 1216 sertam
1186 1146 1271 1218 {acere
1284 1146 1446 1214 nescientem,
1457 1145 1622 1203 selummodo
1641 1148 1669 1202 in
1680 1148 1743 1204 cibis
1752 1159 1777 1203 et
1787 1151 1859 1222 poti·

230 1251 311 1307 esna
332 1241 511 1311 sabbatospei
525 1249 635 1303 nostrae,
651 1239 678 1292 in
693 1253 745 1307 qua
759 1235 837 1308 quasi
859 1233 1016 1299 inchristo,
1070 1235 1128 1305 ias,
1149 1236 1247 1309 (Vens.
1271 1237 1321 1308 to)
1357 1248 1382 1293 et
1407 1238 1486 1293 uariis
1510 1237 1672 1309 baptismatis
1698 1250 1723 1295 et
1742 1241 1859 1312 justitiis

229 1342 257 1388 el
277 1333 311 1388 ab
327 1331 408 1401 buius
424 1329 516 1385 mundi
531 1328 683 1384 turbinibus
695 1327 794 1391 securi,
808 1341 893 1395 us(1¹¹0
911 1325 938 1382 5¹¹
953 1324 1018 1379 illud
1068 1330 1157 1385 earnis
1181 1346 1261 1400 usque
1282 1329 1318 1385 ad
1333 1339 1434 1400 tempas
1458 1331 1625 1386 correctionis
1645 1331 1783 1403 impositis.
1808 1332 1858 1388 liae

230 1423 380 1485 cubatum.
396 1421 467 1491 qood
482 1417 587 1493 quarte,
603 1415 667 1490 auo]
684 1417 850 1473 retineamus
870 1430 930 1486 quc
946 1429 1018 1470 nnnc
1068 1436 1133 1476 vero
1142 1419 1257 1490 justius
1280 1423 1414 1489 carnales,
1435 1422 1464 1477 to
1478 1423 1546 1478 ciuis
1563 1424 1858 1493 capernaunensis

230 1515 257 1569 in
279 1528 326 1584 spe
349 1513 490 1567 babemus.
504 1507 671 1564 Caudelabra
683 1522 748 1563 vero
763 1507 832 1562 dona
852 1513 916 1562 suot
928 1503 1016 1576 Spiri-
1067 1513 1275 1581 baptismatibus
1294 1528 1379 1583 usque
1393 1513 1427 1568 ad
1438 1521 1543 1586 tempus
1566 1516 1745 1571 correctionis
1769 1517 1859 1588 impo-

229 1611 273 1658 tus
287 1601 383 1667 sancti,
398 1599 498 1671 quain
513 1597 632 1654 Ecclesia
645 1597 736 1653 lucent
746 1596 956 1668 intelligentibus
969 1608 1018 1663 per
1067 1602 1126 1658 nnn
1139 1612 1211 1658 sunt,
1228 1601 1342 1658 Attanae
1362 1602 1425 1673 qnid
1447 1605 1498 1658 1100
1512 1611 1569 1669 est3
1584 1604 1649 1659 ‚atati
1662 1606 1732 1661 enim
1746 1606 1782 1660 aa
1796 1624 1859 1677 pes.

228 1707 301 1756 eum,
323 1707 372 1763 per
394 1705 474 1760 quem
488 1688 640 1757 requiescet
659 1688 771 1759 spiritus
789 1685 927 1757 sapientiae
939 1693 966 1739 ct
979 1686 1018 1738 in·
1069 1690 1284 1762 tectamdcdncit
1308 1690 1368 1756 lec;
1383 1690 1430 1746 sed
1452 1678 1598 1747 sectandum
1612 1690 1721 1766 [legem]
1739 1695 1864 1752 mruabs

228 1779 360 1844 tellectus,
387 1778 498 1849 spiritus
520 1775 625 1832 consilii
651 1785 680 1831 et
701 1775 877 1839 fortitudinis,
906 1775 1016 1844 spiratus
1032 1777 1187 1838 B'tnnrnlati
1207 1779 1301 1836 sordes
1324 1791 1353 1836 et
1374 1781 1551 1853 ignorantiam
1575 1784 1663 1853 potuit
1685 1785 1860 1843 emundare:

228 1871 348 1927 scientiae
364 1877 392 1926 et
404 1868 522 1939 pietatis,
543 1874 571 1921 et
593 1865 704 1937 spiritus
717 1866 822 1920 timoris
836 1864 953 1920 Domini.
973 1865 1016 1920 ln·
1064 1871 1101 1925 (le
1118 1870 1250 1926 adulteria
1269 1886 1345 1937 sero,
1360 1872 1530 1941 capitalibus
1542 1873 1703 1930 criminibus
1716 1875 1783 1930 nibil
1806 1891 1860 1948 po-

227 1961 312 2017 terius
334 1975 399 2014 vero
423 1956 635 2021 tabernaculum,
665 1955 736 2025 quod
759 1955 858 2011 dicitur
885 1973 895 2006 r
922 1964 1016 2009 sancta
1064 1961 1118 2016 tnit
1137 1961 1263 2033 pnrgari3
1287 1962 1335 2015 sen
1349 1959 1476 2016 damnare
1490 1969 1611 2031 paratam
1626 1963 1729 2033 absque
1749 1967 1860 2022 manent.

227 2061 394 2117 sanctorum,
421 2051 509 2122 ibium
533 2048 630 2104 coehlffl
651 2046 796 2120 Significat·
822 2045 917 2119 (Villa
944 2044 1016 2118 ἃᾶ)
1063 2053 1166 2109 cordia.
1184 2053 1246 2107 ldeo
1272 2052 1422 2110 adulteram
1445 2051 1585 2108 mulierem
1604 2053 1733 2110 Pharisaei
1757 2071 1858 2127 propo-

231 2144 411 2201 Velameatnm
428 2152 517 2198 autem
532 2141 725 2206 coelumest‚›
752 2140 824 2194 intra
841 2141 913 2210 quad
928 2153 1017 2193 sacer·
1064 2151 1177 2197 suerunt
1201 2139 1265 2197 lesu
1292 2139 1383 2214 (loen.
1408 2158 1469 2207 urrr,
1492 2141 1532 2216 5),
1562 2145 1593 2197 ut
1615 2144 1766 2213 potuissent
1787 2161 1854 2204 eum

227 2243 276 2295 clos
287 2247 379 2295 noster
389 2235 513 2292 Christus
522 2250 576 2290 non
587 2233 645 2290 sine
657 2232 787 2304 caligulae
804 2230 926 2286 intrarit.
943 2229 1015 2286 Tiar·
1066 2247 1204 2298 accusare,
1229 2232 1251 2287 si
1273 2241 1367 2287 contra
1393 2233 1479 2304 legem
1500 2232 1641 2289 absolvere
1660 2233 1782 2304 juberen
1800 2224 1859 2292 >aut

226 2328 341 2384 ribalum
360 2327 458 2383 babens
473 2340 593 2388 careant,
608 2323 702 2393 inquo
715 2321 866 2378 offeruntur
879 2320 1016 2377 orationes
1065 2319 1227 2378 laudabilem
1249 2323 1481 2379 mansuetudinem
1496 2325 1644 2394 amitteret,
1671 2328 1692 2382 si
1710 2327 1775 2398 legis
1794 2328 1859 2397 jos-

226 2427 392 2474 sanctomm.
416 2416 447 2472 ln
473 2431 526 2486 quo
549 2413 652 2468 Cllerul
669 2414 696 2469 in
723 2412 809 2484 gloria
837 2411 1017 2468 obumbratile
1067 2413 1171 2468 sionem
1182 2411 1319 2468 custodire
1333 2413 1501 2483 praeciperet.
1518 2413 1571 2470 Seri
1585 2426 1729 2489 utrumque
1741 2420 1859 2475 carebas

226 2507 313 2583 ssep,
323 2504 524 2578 obumbrantia]
548 2505 771 2577 propitiatorium,
788 2487 840 2559 boc
862 2511 904 2558 est
926 2502 1017 2558 multi·
1066 2502 1198 2571 sapientia
1210 2500 1268 2567 llei,
1284 2501 1361 2571 quasi
1376 2502 1489 2558 dixisset
1504 2520 1511 2557 ε
1525 2502 1601 2559 iusta
1615 2514 1658 2562 est
1674 2507 1782 2576 quidem
1797 2508 1857 2572 lea,

226 2601 291 2656 tndo
305 2599 433 2655 scientia„
449 2598 517 2669 Apte
529 2596 746 2669 propitiatorium
761 2609 843 2664 super
864 2608 954 2650 arcam
968 2607 1017 2665 po
1065 2590 1186 2660 sijustos
1200 2591 1313 2647 haberet
1332 2593 1488 2660 ministros„
1502 2593 1553 2661 Qui
1572 2594 1704 2652 festucam
1722 2599 1756 2654 de
1777 2600 1859 2656 oculo

225 2693 307 2748 sitnm
327 2706 387 2747 esse
399 2691 509 2754 dicitnr,
521 2689 584 2760 quia
598 2679 653 2757 ipsi
661 2686 805 2742 mediatori
820 2685 867 2740 Ilei
882 2693 909 2740 et
928 2684 1016 2739 homi·
1066 2681 1178 2737 alterius
1193 2680 1286 2737 tollere
1306 2679 1527 2749 vicensimmn
1544 2691 1597 2749 cst,
1616 2694 1647 2738 ot
1660 2687 1737 2755 prius
1750 2688 1858 2743 trabem

226 2799 289 2839 num
307 2779 461 2852 specialiter
483 2795 499 2834 a
518 2778 574 2834 llco
589 2777 670 2832 Patre
685 2776 815 2831 donatam
841 2782 892 2834 est
909 2783 938 2827 at
951 2781 1016 2828 esset
1065 2778 1100 2830 de
1114 2775 1224 2845 proprio
1250 2775 1326 2830 tollat
1352 2775 1440 2830 oculo.
1454 2774 1493 2830 Ile
1508 2775 1681 2846 baptismatis
1700 2774 1859 2833 ludaorum

224 2873 374 2946 propitiatio
387 2888 435 2942 pro
448 2871 560 2938 peccetis
578 2867 675 2922 nostris
696 2864 722 2938 (l
744 2864 825 2922 iocre.
838 2881 870 2931 rt,
883 2863 922 2934 ἢ).
939 2862 1016 2943 Unde
1064 2867 1170 2939 plenius
1192 2867 1218 2922 in
1232 2867 1376 2937 Evangelio
1393 2877 1452 2921 cata
1467 2867 1588 2922 blarcum
1602 2867 1711 2938 legitur,
1721 2866 1769 2922 ubi
1781 2865 1856 2922 Plas-

224 2966 307 3021 etiam
321 2961 421 3017 Paulus
434 2962 500 3017 dicit
515 2977 521 3013 :
535 2958 614 3013 Jecur
627 2956 757 3023 Christus,
773 2957 818 3028 qui
833 2968 951 3010 mortuns
966 2964 1014 3019 est,
1065 2958 1137 3013 cisat
1152 2957 1342 3029 vituperabant
1361 2957 1504 3012 Dominum
1515 2963 1542 3012 et
1557 2957 1712 3026 discipulos,
1725 2971 1781 3012 non
1793 2955 1861 3012 lotis

224 3055 277 3109 imo
289 3055 334 3126 qui
349 3060 372 3106 et
385 3050 533 3111 resurrexit,
556 3048 602 3119 qai
615 3057 639 3102 et
654 3056 691 3101 est
705 3045 740 3101 cd
753 3046 886 3104 desieram
898 3044 958 3110 Dei,
969 3044 1015 3115 qrti
1064 3047 1192 3104 manibus
1217 3048 1381 3102 manducare
1412 3045 1509 3119 (Marc.
1538 3045 1599 3116 mr).
1627 3043 1741 3102 Frustra
1765 3056 1861 3105 autem

225 3145 304 3196 ctiam
323 3137 472 3209 interpellat
491 3153 538 3208 pro
560 3135 635 3191 nobis
649 3134 735 3207 (Rom.
751 3146 810 3201 utu,
831 3133 887 3206 dd).
904 3133 938 3187 El
952 3150 1014 3188 arca
1029 3131 1052 3200 C
1066 3139 1206 3203 Pltaristei,
1221 3138 1321 3194 frustra
1335 3147 1423 3193 autem
1438 3153 1533 3194 omnes
1543 3137 1628 3194 iudaei
1642 3139 1735 3195 lavant
1748 3157 1859 3209 manus,

225 3231 383 3287 testamenti.
406 3228 470 3284 liaec
489 3238 532 3284 est
553 3243 618 3284 caro
632 3228 780 3283 salvatoris
798 3228 894 3294 nostri,
912 3228 939 3282 iu
962 3243 1014 3296 qua
1066 3235 1095 3283 et
1115 3241 1129 3281 a
1153 3225 1212 3282 loro
1234 3227 1297 3282 dum
1320 3228 1442 3294 veniunt,
1457 3228 1639 3297 baptizantur,
1653 3231 1772 3298 quandiu
1789 3247 1859 3288 oon·

226 3336 325 3378 manna
341 3320 491 3376 divinitatis
502 3327 532 3376 et
554 3318 653 3374 tabulas
664 3319 779 3374 duorum
792 3325 1015 3373 testamentorum
1067 3324 1190 3371 temnunt
1202 3314 1277 3372 sonte
1291 3315 1440 3372 saluatoris
1450 3318 1531 3372 ablui.
1552 3315 1606 3372 Sed
1625 3317 1756 3375 Pharisaei
1776 3322 1860 3393 spiri-

225 3424 249 3469 et
264 3414 338 3484 uirga
363 3411 462 3478 Aaron,
487 3426 547 3481 quae
567 3407 657 3464 tioruit
682 3409 709 3462 io
724 3409 874 3465 sacerdotio
897 3407 1014 3474 Christi;
1067 3408 1131 3464 talia
1151 3410 1342 3481 propbetamm
1356 3408 1438 3464 rerba
1453 3407 1600 3465 carnaliter
1609 3410 1784 3481 accipiendos,
1796 3427 1860 3482 quae

225 3503 360 3582 dequibus
371 3520 423 3558 non
438 3512 475 3556 est
489 3502 566 3556 modo
581 3516 627 3570 per
641 3497 746 3569 sinqulc
761 3497 856 3552 dicere.
1067 3498 1106 3553 illl
1117 3500 1149 3554 de
1163 3501 1253 3555 cordis
1266 3509 1294 3556 et
1306 3501 1395 3569 operis
1408 3501 1585 3572 castigatione
1599 3502 1803 3574 precipiebam,
1818 3504 1862 3559 di·

260 3593 343 3653 Vens.
354 3594 381 3650 6.
390 3592 476 3647 -tln
491 3608 549 3647 aero
559 3591 597 3646 ita
607 3587 767 3661 compositis,
779 3587 806 3642 in
820 3588 902 3660 priori
913 3588 1017 3660 quidem
1067 3597 1160 3643 centes
1178 3602 1185 3641 τ
1205 3585 1351 3655 Louamini,
1375 3590 1467 3644 mundi
1492 3599 1572 3645 estote
1588 3589 1678 3663 (tacta
1696 3608 1718 3659 t,
1732 3591 1787 3666 tu).
1801 3592 1835 3648 Er
1850 3610 1860 3646 ι

225 3684 394 3742 tabernaculo
422 3698 524 3754 semper
549 3678 691 3736 introibant
720 3676 879 3744 sacerdotes,
912 3675 1018 3746 sacrifi·
1068 3676 1240 3741 mandamini,
1255 3678 1300 3749 qai
1318 3678 1390 3746 fertis
1413 3695 1476 3733 vasa
1499 3676 1607 3734 bomini
1621 3679 1766 3752 (linimen,
1794 3682 1860 3754 ll);

227 3776 327 3831 ciorum
346 3776 429 3846 officia
443 3783 665 3839 consummantes,
680 3773 752 3842 quod
773 3786 839 3827 vero
852 3786 933 3841 snpra
948 3771 1018 3826 dixit
1068 3765 1112 3822 toa
1127 3767 1160 3820 de
1173 3780 1286 3835 corpore
1296 3766 1463 3823 solummodo
1476 3767 1591 3824 lar-ando
1603 3781 1742 3839 sperantes
1751 3768 1861 3843 [Ferte‚

227 3851 348 3921 sanctem
373 3864 500 3920 seculare
519 3879 589 3930 esse,
601 3863 653 3918 hoc
668 3862 747 3917 modo
758 3861 874 3917 lucidius
887 3859 1017 3926 ostendit,
1068 3857 1198 3931 speranti.
1215 3855 1282 3913 Cum
1299 3867 1403 3912 certum
1420 3858 1456 3913 sit
1474 3857 1584 3930 bloysen
1604 3859 1789 3930 etpropbetas,
1806 3861 1857 3930 qui

227 3955 321 4021 idest,
336 3955 363 4010 in
378 3970 432 4025 quo
455 3952 630 4009 tabernaculo
653 3951 787 4007 sacrificia
805 3949 915 4006 fuerunt
933 3965 1019 4005 saccu-
1067 3965 1132 4005 vasa
1143 3949 1233 4020 populi
1246 3950 1294 4006 bei
1304 3949 1348 4005 'rel
1359 3950 1437 4020 aquis
1449 3947 1523 4016 dilui,
1545 3950 1588 4006 rel
1601 3951 1660 4023 igne
1670 3950 1790 4021 purgari,
1806 3950 1857 4005 rei

227 4044 308 4113 laria,
332 4044 399 4101 nibil
420 4044 454 4099 ad
463 4044 615 4116 perlectum
634 4043 798 4098 deducentes
811 4041 973 4097 seruientem
989 4040 1018 4095 in
1067 4040 1127 4096 oleo
1150 4041 1323 4107 sanctillcarl,
1347 4057 1506 4111 quacunque
1521 4055 1556 4096 ex
1581 4058 1674 4106 causa,
1700 4041 1857 4111 iusserunt,

227 4138 277 4195 cis.
295 4136 388 4210 (Vens.
403 4137 444 4207 7.)
466 4135 500 4190 ln
512 4135 625 4190 secando
638 4143 725 4188 autent
737 4133 816 4188 semel
828 4133 856 4186 in
867 4129 1018 4187 annosolus
1068 4146 1122 4186 non
1143 4130 1170 4185 lu
1184 4131 1236 4186 bac
1260 4132 1440 4187 materialium
1459 4147 1551 4187 rerum
1574 4132 1783 4199 emundatioue3
1809 4133 1860 4188 sed

227 4228 345 4300 pontifex
362 4244 413 4281 aaa
424 4226 479 4282 sine
489 4224 626 4295 sangnine,
638 4240 715 4296 quern
730 4223 805 4292 opert
818 4238 865 4296 pro
879 4238 928 4276 sua
937 4230 961 4275 ct
970 4236 1019 4291 pro
1068 4222 1200 4280 mentium
1209 4223 1299 4294 potius
1312 4231 1339 4277 et
1350 4237 1462 4292 operum
1473 4223 1650 4300 castigatione
1666 4237 1699 4279 ac
1710 4224 1859 4278 sanctimo-

227 4318 317 4389 pnpnti
331 4315 490 4388 ignorantia.
504 4313 587 4386 692
600 4312 653 4368 lstc
665 4327 730 4366 vcro
755 4309 875 4383 pontifex
894 4326 928 4368 cat
941 4318 1020 4380 paule
1069 4317 1114 4373 nia
1127 4325 1207 4387 atque
1219 4317 1370 4372 animarum
1385 4316 1463 4372 nobis
1478 4316 1607 4370 mandare
1617 4313 1716 4370 salute.

228 4406 375 4479 significat,
394 4406 457 4476 quia
476 4405 559 4460 setttel
582 4404 722 4475 ingressus
746 4410 788 4458 est
812 4401 922 4466 coelum,
946 4400 1018 4455 intra
1105 4407 1186 4463 vans.
1201 4405 1425 4463 tt.-can'stes
1442 4406 1567 4461 assistens
1576 4404 1694 4476 pontifex
1709 4403 1860 4474 [uterorum

175 4503 181 4516 “
228 4499 318 4555 velum
332 4499 359 4553 iu
383 4506 475 4553 sancta
494 4503 662 4561 sanctorum,
684 4503 714 4549 ut
733 4494 843 4549 assistat
863 4491 947 4546 vultui
968 4490 1017 4546 bei
1033 4471 1375 4568 1'lantrannmpercmplics
1394 4505 1418 4550 et
1432 4497 1571 4567 perfectius
1581 4493 1792 4561 tabernaculam,
1804 4510 1859 4550 nort

228 4605 278 4662 pro
301 4589 388 4643 nobis.
413 4585 490 4655 Quod
503 4600 568 4641 tero
583 4580 953 4656 att2010peratprosaaet
972 4598 1019 4653 po·
1068 4604 1149 4642 mana
1162 4587 1271 4659 (acran,
1284 4587 1311 4641 itt
1325 4597 1374 4653 err,
1394 4603 1445 4642 non
1464 4586 1544 4657 lajas
1558 4586 1708 4641 creationis.
1727 4584 1860 4641 Talam-

228 4682 284 4756 pnli
307 4680 468 4752 ipnorantie,
490 4679 543 4734 boc
561 4686 614 4745 est,
633 4678 716 4752 qood
731 4676 788 4748 ipse
813 4676 840 4731 in
856 4692 937 4732 cmce
958 4674 1018 4733 ait:
1069 4678 1157 4732 cnltrm
1169 4691 1220 4732 non
1233 4693 1311 4732 manu
1325 4677 1424 4748 famum
1437 4676 1534 4733 coelum
1558 4675 1703 4747 significat,
1717 4676 1788 4730 unde
1809 4685 1862 4732 uos

229 4772 300 4829 [leus
326 4769 397 4826 Deus
423 4786 507 4836 mens,
538 4785 622 4842 quare
652 4783 694 4822 nte
724 4765 885 4838 dereliquisti
910 4766 1018 4839 (Medd.
1070 4767 1160 4823 lotura
1183 4767 1253 4822 bona
1274 4782 1415 4839 speramus
1434 4767 1513 4822 nobis
1534 4767 1605 4833 dari,
1621 4766 1648 4821 id
1670 4774 1723 4830 est,
1746 4775 1860 4830 aeterna,

230 4877 317 4928 xxrrt,
344 4859 415 4933 tul?
434 4856 516 4915 l'erla
534 4856 688 4914 delictorum
713 4873 846 4923 mearam,-
871 4872 932 4927 quse
956 4863 1020 4911 suot
1070 4871 1131 4930 qaae
1146 4874 1200 4914 nou
1214 4865 1366 4914 transcunt.
1383 4855 1476 4930 Neque
1488 4857 1569 4927 trojus
1580 4856 1729 4920 creationis,
1743 4855 1793 4910 boc
1803 4859 1860 4920 est,

230 4953 314 5007 verba
337 4948 508 5022 deliciorum.
528 4943 579 5003 ¹¹1⁵?
600 4946 722 5018 0⁰inss
745 4945 804 5004 ⁵¹¹1?
817 4945 911 5018 (Vm
935 4945 964 5009 8,
978 4944 1018 5018 9·)
1070 4965 1124 5006 non
1145 4950 1225 5021 buirus
1244 4950 1412 5006 tabernaculi
1427 4950 1541 5022 species,
1558 4950 1630 5020 quod
1651 4948 1678 5003 in
1690 4960 1779 5004 eremo
1798 4945 1863 5002 bxlt

233 5041 291 5100 Hoc
311 5037 474 5112 significante
486 5037 589 5111 Spiritu
607 5047 708 5104 sancto,
722 5036 836 5092 nondum
855 5035 1021 5108 propalatam
1071 5039 1162 5107 homo,
1178 5040 1225 5096 sed
1235 5040 1375 5111 boclonge
1387 5039 1466 5096 aliter
1478 5039 1512 5095 ab
1525 5039 1585 5111 ipso
1603 5039 1793 5096 maenarum
1808 5046 1863 5103 est,

232 5130 448 5188 esse'sanctorum
458 5129 537 5186 niara
548 5125 737 5202 [Leg.,aiarn],
745 5127 832 5182 adbuc
841 5126 928 5197 priore
935 5126 1023 5182 taber·
1071 5129 1239 5201 spiritaliter,
1251 5143 1305 5187 non
1315 5129 1469 5187 carnaliter.
1481 5130 1512 5186 lu
1526 5145 1580 5201 quo
1592 5127 1768 5192 tabernaculo
1781 5125 1865 5184 niodo

233 5224 328 5282 necalo
344 5223 454 5280 labente
474 5232 587 5288 stctrnn,¹
610 5237 670 5294 quc
682 5218 809 5294 parabola
831 5230 870 5276 est
897 5220 1022 5300 temporis
1072 5229 1135 5295 sont
1156 5222 1254 5278 animas
1269 5221 1405 5292 iustontm
1417 5231 1446 5278 et
1460 5222 1548 5295 angeli
1565 5237 1660 5278 earum
1676 5221 1800 5294 spiritns,
1816 5234 1866 5276 es·

234 5313 365 5384 imitantis,
386 5315 466 5386 justo
477 5329 556 5388 quarn
575 5329 684 5369 munera
704 5321 730 5368 et
750 5311 842 5368 bestie
861 5311 1017 5383 efferantur.
1071 5319 1225 5383 spectantes
1237 5312 1322 5369 donec
1337 5311 1505 5382 compleatur
1525 5323 1655 5374 numerus
1668 5323 1865 5368 conservorum

236 5403 420 5477 «Propterea,
434 5404 531 5477 inquit,
549 5403 604 5460 lsta
621 5403 660 5462 ita
671 5412 829 5462 constructa
839 5409 914 5470 sunt,
924 5410 955 5468 ut
965 5399 1021 5458 dis·
1071 5395 1367 5474 suorumlirnsli.)
1397 5397 1489 5475 licque
1507 5392 1716 5474 pirranpainern
1728 5399 1866 5457 nnana

234 5507 329 5552 cantas
339 5498 402 5568 quia
413 5506 506 5554 sancta
520 5505 686 5564 sannorum,
698 5496 811 5563 bucael,
822 5494 920 5552 ecclam
933 5493 1022 5550 adbuc
1073 5501 1099 5546 et
1112 5490 1265 5557 ritnlorsrn,
1285 5490 1331 5545 sed
1351 5507 1397 5563 per
1416 5493 1552 5566 propriam
1572 5492 1729 5570 sangninem
1747 5487 1865 5547 cremat

236 5582 421 5641 inaccessibile
442 5585 602 5643 mortalibus
623 5586 690 5656 salet
702 5599 803 5643 esse.»
828 5582 884 5640 lice
896 5589 1023 5654 pommus
1073 5583 1151 5639 cernel
1167 5582 1309 5649 incuncta,
1321 5595 1419 5642 eterna
1431 5585 1607 5659 redemptione
1618 5586 1733 5643 incente.
1762 5581 1862 5643 Omnia

235 5679 264 5727 et
288 5668 353 5727 illud
379 5672 484 5743 ingredi
509 5688 563 5728 non
592 5686 680 5741 posse,
707 5671 755 5728 ubi
779 5668 901 5744 pontilca
931 5675 1025 5724 nosnr
1075 5674 1172 5746 qntppn
1192 5684 1346 5746 permutata
1360 5686 1431 5734 suna,
1448 5675 1488 5735 pn
1501 5676 1764 5756 gangutgntmqmm
1785 5673 1864 5732 attan
