4075 6192
253 350 306 409 ps?
674 333 704 386 Β.
725 331 755 385 F.
777 326 889 384 annin}
910 323 976 380 SEU
995 318 1131 374 ancona
1151 315 1294 371 brenen
1314 314 1403 368 PARS
1417 312 1452 368 11.
1832 310 1889 367 did

253 467 283 525 in
296 471 392 521 natura
401 470 448 516 ena
463 464 563 525 pauper
578 448 664 501 iactus
677 452 729 506 est,
743 456 796 496 nou
816 436 918 493 babens
937 431 1044 500 sapien·
1059 434 1081 490 Α
1410 420 1523 479 CAPUT
1544 420 1576 476 v
1701 509 1707 522 ⁸

255 558 333 620 dnm,
357 546 429 604 mah
451 541 541 599 omnia
566 533 715 593 deserendo
741 528 818 601 [lle.
844 517 1044 590 desiderando].
1132 522 1212 577 t'ms.
1228 520 1252 583 l,
1266 519 1292 573 b.
1305 547 1340 557 -
1355 515 1396 569 Ne
1414 512 1582 583 ternerepmd
1604 510 1731 581 loquaris,
1750 523 1893 577 negarent

259 645 315 702 tior
328 654 376 697 ens
389 636 436 707 gui
454 635 483 690 in
494 624 711 703 priorebomine
732 620 865 681 vixerunt,
878 622 906 667 et
928 626 989 667 euru
1004 624 1046 663 se-
1096 623 1170 665 tuum
1186 610 1219 664 rit
1231 608 1305 663 celon
1317 606 1351 660 od
1369 603 1552 676 preferendam
1565 615 1709 655 serinonrm
1722 614 1811 702 eornm
1824 596 1892 699 lieo.

256 728 463 792 cnudobontine
482 715 686 795 postearersati
707 720 780 775 enni,
795 722 828 763 eo
851 703 985 766 videlieet,
999 700 1046 771 qni
1097 696 1469 757 neocaesariensem
1492 708 1569 763 cuper
1589 687 1894 789 terrant5rdetrcoaml
1985 730 1990 741 .

256 828 348 902 priore
372 820 518 877 decedente
541 819 685 885 generatus
706 813 748 861 est
765 819 773 869 ;
800 796 973 866 intellexique
999 793 1047 847 bo·
1096 792 1175 864 ponci
1187 805 1319 845 sermones
1332 787 1381 841 tui.
1401 783 1499 838 dicitnr
1517 798 1594 837 curor
1616 789 1759 883 amnentur
1777 795 1895 883 comnia,

256 922 344 976 mines
356 916 383 969 in
398 912 505 968 bomine
517 907 607 977 priore
626 911 763 972 peccasse,
776 900 920 959 antequam
931 883 1048 941 secundo
1098 892 1122 937 et
1139 882 1167 936 in
1181 879 1270 936 moins
1292 874 1452 933 mamanibus
1471 872 1600 927 inuenitur
1619 871 1741 925 stultum.
1766 869 1897 971 Plerique

256 1013 396 1069 nascente,
419 1010 540 1070 ternpore
567 992 686 1062 legitimo
713 987 765 1042 duo
789 979 912 1036 homines
935 972 1047 1038 inerint,
1098 971 1264 1026 arbitrantur
1284 967 1342 1022 lraec
1354 967 1380 1020 in
1392 962 1518 1034 presenti
1539 960 1637 1017 seculo
1653 958 1747 1064 [Apud
1759 957 1845 1063 liter,
1860 975 1893 1065 m

259 1096 327 1152 alter
342 1089 469 1153 carnalis,
489 1087 558 1140 alter
578 1078 719 1151 spiritalis
745 1073 796 1140 Qui
810 1083 875 1125 uero
889 1066 923 1121 ad
936 1063 1049 1121 meliora
1098 1060 1224 1133 praesenti
1245 1056 1315 1129 loco]
1328 1055 1446 1127 praecipi,
1470 1069 1504 1108 ne
1520 1067 1612 1109 coram
1627 1053 1683 1108 Deo
1697 1050 1777 1155 laede
1788 1050 1896 1122 aliquid

258 1180 387 1240 conversi
394 1178 504 1239 inerint,
517 1184 545 1230 et
554 1168 675 1227 interiori
695 1162 807 1225 laomiui,
825 1158 853 1213 id
866 1164 918 1221 est,
932 1151 1049 1209 secundo
1099 1151 1299 1221 promittamus,
1320 1156 1347 1202 et
1361 1147 1420 1201 sine
1436 1144 1653 1201 consideratione
1667 1145 1766 1198 vinum
1792 1157 1896 1245 rupea·

259 1290 289 1331 se
303 1270 436 1343 subjicere
459 1268 558 1329 sciunt,
580 1276 635 1316 non
656 1258 782 1312 letantur
804 1251 831 1305 in
853 1247 943 1317 priore
963 1242 1050 1312 quiin
1099 1254 1160 1295 mos
1177 1254 1209 1294 ea
1223 1236 1405 1307 quaeexplere
1429 1250 1481 1291 non
1501 1248 1653 1304 possumus.
1677 1232 1780 1288 Adesse
1793 1246 1898 1304 quippe

258 1364 332 1419 vitiis
351 1359 491 1431 rogitabat.
512 1354 567 1409 llos
585 1350 653 1405 dnos
673 1345 796 1402 homiues
817 1342 911 1395 doctor
927 1332 1050 1406 egregius
1099 1337 1260 1399 presentem
1280 1326 1386 1391 Deum;
1404 1334 1432 1379 et
1453 1324 1514 1379 licet
1534 1323 1577 1377 illc
1590 1322 1705 1386 incoelo,
1719 1337 1769 1377 nos
1782 1336 1843 1377 esse
1855 1322 1900 1377 ri·

260 1468 344 1509 unum
357 1448 524 1511 interiorem,
547 1452 575 1498 et
592 1440 706 1496 alterum
727 1432 889 1489 exteriorem
910 1425 1051 1481 nominare
1101 1420 1213 1476 deantur
1228 1419 1255 1472 iu
1278 1425 1360 1482 terra,
1385 1424 1474 1471 tamen
1499 1416 1668 1484 audireque
1694 1414 1839 1484 loquimur,
1867 1424 1898 1469 et

260 1542 374 1598 solebat.
397 1538 452 1593 Nos
477 1548 542 1590 uero
564 1529 661 1584 melius
682 1523 848 1581 mstiinamns
869 1517 928 1571 baec
952 1511 1051 1568 intelli·
1100 1510 1283 1581 insipientiam
1303 1516 1423 1564 nostram
1444 1506 1521 1578 argui
1543 1522 1576 1562 er
1594 1506 1818 1577 multiplicatione
1837 1518 1899 1560 ser-

260 1615 693 1700 gendadcdiaboloregestulto,
712 1611 788 1667 etde
808 1606 917 1662 Christo
933 1615 1052 1672 paupere
1101 1615 1222 1656 monum.
1247 1597 1301 1653 Ant
1322 1611 1387 1652 rem
1411 1597 1508 1652 melios
1529 1597 1720 1668 intelligentes,
1746 1597 1804 1653 lutee
1826 1610 1898 1665 prae·

262 1719 394 1790 capiente,
408 1715 454 1785 qui
468 1724 593 1782 egressus
607 1714 649 1760 est
660 1703 694 1759 de
706 1697 829 1771 virginali
842 1705 920 1751 utero
934 1694 961 1747 iu
974 1705 1051 1745 mun·
1103 1689 1181 1758 cipue
1202 1688 1279 1760 liin,
1302 1685 1423 1758 praecipi]
1450 1685 1595 1753 affirmant,
1626 1701 1660 1742 ne
1686 1692 1732 1741 aut
1755 1684 1899 1754 loquentes

261 1810 336 1872 dnm,
354 1804 385 1861 nt
407 1806 560 1859 contereret
575 1805 602 1850 et
621 1795 789 1849 subverteret
809 1784 951 1857 imperium
976 1779 1052 1836 stulti
1069 1777 1410 1851 lleogitantesvc,plusde
1424 1778 1566 1846 bceqiram
1577 1791 1730 1845 possumus,
1741 1777 1899 1844 opinemur,

261 1898 344 1968 regis,
366 1894 413 1964 qui
434 1891 458 1945 ei
476 1886 593 1945 ostendit
617 1882 707 1937 cornia
731 1892 812 1949 regna
834 1873 946 1938 mundi,
967 1883 1054 1940 eoque
1104 1869 1151 1925 sed
1165 1871 1282 1925 sciamus
1295 1867 1506 1924 imbecillitatem
1521 1876 1651 1921 nostram.
1670 1866 1804 1933 Quantum
1823 1866 1900 1920 enirn

261 1986 334 2041 ricto
355 1997 419 2037 vasa
433 1979 503 2034 illins
515 1982 633 2047 caperet,
649 1980 675 2027 et
695 1970 803 2025 domum
815 1966 994 2023 subverteret,
1009 1975 1054 2014 ea-
1104 1960 1201 2017 coelum
1224 1961 1306 2016 distat
1320 1974 1335 2014 a
1350 1966 1433 2021 terra,
1458 1967 1561 2013 tantum
1581 1967 1674 2013 naara
1688 1957 1807 2027 opinatio
1821 1973 1836 2011 a
1850 1973 1900 2011 na-

261 2024 417 2145 paleamque
445 2069 592 2138 captivaret
621 2060 813 2132 captiuitatem.
845 2054 964 2109 Puerum
989 2064 1054 2104 uero
1104 2058 1166 2104 tura
1177 2049 1249 2105 illius
1262 2056 1463 2118 separatur3ct
1474 2048 1576 2115 ideireo
1588 2049 1689 2104 debere
1700 2048 1782 2103 rerba
1798 2058 1898 2103 nostra

262 2163 346 2236 m
357 2161 513 2233 prophetico
523 2157 620 2226 spiritu
632 2150 780 2208 nominarit
791 2146 941 2209 Christum,
954 2150 981 2197 et
990 2156 1055 2211 pau·
1103 2156 1165 2198 esse
1180 2142 1328 2196 moderata.
1346 2138 1422 2195 Sicut
1442 2140 1513 2194 enim
1529 2140 1574 2209 qui
1589 2139 1617 2194 lu
1639 2138 1731 2193 multis
1752 2137 1898 2208 cogitatio·

263 2265 366 2323 perem,
380 2249 451 2305 sicut
462 2246 564 2300 dictum
576 2250 618 2297 est
630 2255 638 2294 z
652 2239 721 2293 Ecce
732 2253 796 2309 puer
811 2250 883 2289 mem
895 2248 972 2304 gurm
990 2228 1055 2300 elepi
1104 2231 1184 2286 nibus
1198 2239 1248 2294 est,
1264 2244 1296 2285 ea
1315 2230 1433 2285 somniat
1453 2228 1608 2299 frequenter
1627 2229 1661 2284 de
1675 2229 1774 2297 quibus
1786 2228 1899 2300 cogitat,

263 2341 372 2414 (lictus
383 2354 433 2403 au,
443 2338 497 2408 ts).
508 2334 574 2390 ltem
586 2328 747 2402 Apostolus:
764 2326 815 2392 Qui
828 2341 888 2379 cem
899 2322 1054 2383 dioecesem,
1105 2322 1144 2378 ita
1157 2323 1202 2391 qui
1216 2321 1293 2392 plura
1305 2320 1421 2377 voluerit
1437 2321 1471 2376 de
1493 2320 1635 2375 divinitate
1655 2320 1790 2375 disserere
1803 2320 1902 2375 incidit

261 2446 362 2503 pauper
376 2428 461 2496 factm
480 2434 517 2479 ert
533 2438 580 2494 pro
604 2419 678 2475 nobis
690 2416 733 2487 (ll
748 2416 810 2471 dor.
831 2430 891 2479 riri,
905 2411 944 2482 9).
965 2410 1054 2464 Elea·
1103 2416 1134 2471 in
1146 2415 1297 2470 stultitiam.
1313 2413 1361 2470 Vel
1373 2421 1446 2469 certe
1458 2414 1540 2468 rerba
1555 2421 1647 2468 nostra
1659 2428 1746 2483 pauca
1764 2412 1825 2468 ideo
1838 2424 1902 2469 esse

262 2522 382 2592 pientem
395 2532 458 2572 eum
471 2511 642 2581 evangelista
664 2516 778 2563 testatur
792 2506 902 2560 dicens:
924 2502 960 2557 Et
977 2502 1056 2557 Jecur
1105 2506 1215 2569 debere,
1233 2502 1539 2576 quodletiarnleaqnae
1556 2518 1637 2558 nosse
1651 2518 1701 2557 uos
1721 2503 1901 2568 esuriamus,

262 2605 413 2680 proficiebat
425 2611 502 2658 etate
515 2610 539 2655 et
560 2598 725 2670 sapientiori
738 2594 823 2665 gratio
846 2608 936 2647 ceram
949 2590 1006 2644 Deo
1020 2589 1056 2662 [et
1105 2611 1155 2668 per
1176 2595 1315 2666 speculum
1336 2594 1467 2660 videmus,
1490 2602 1518 2649 et
1539 2592 1566 2648 in
1593 2593 1747 2663 aenigmate,
1769 2600 1797 2648 et
1815 2593 1901 2649 veluti

264 2693 423 2766 noninibor]
434 2692 510 2765 (boe.
527 2707 558 2756 n,
568 2690 624 2759 52).
638 2688 690 2743 lste
703 2692 781 2741 natus
792 2692 835 2738 ost
845 2684 874 2737 in
888 2696 972 2752 reguo
983 2680 1057 2735 senis
1106 2686 1240 2741 somnium
1262 2684 1515 2756 comprehendimus
1536 2683 1608 2754 quod
1631 2694 1724 2740 tenere
1752 2700 1802 2740 nos
1828 2686 1901 2740 meti-

264 2797 294 2846 et
303 2788 389 2852 stulti,
403 2786 532 2855 optimus,
543 2796 654 2852 pauper,
669 2786 697 2834 et
710 2792 778 2848 puer
790 2773 966 2838 admirabilis,
982 2780 1014 2828 ut
1023 2772 1056 2828 de
1104 2791 1231 2843 mamus;
1246 2792 1361 2849 eumque
1374 2777 1464 2848 plora,
1479 2786 1509 2831 ut
1521 2777 1609 2831 visum
1623 2777 1701 2835 nobis
1720 2774 1810 2843 luerit,
1824 2776 1902 2832 dire·

264 2881 345 2936 domo
357 2876 552 2935 vinculatorum
569 2871 766 2945 procederetin
787 2883 908 2938 regnum,
922 2866 1015 2922 abiens
1029 2864 1056 2920 in
1107 2869 1203 2934 ninius,
1224 2869 1306 2924 mem
1327 2869 1516 2939 disputationis
1537 2878 1636 2925 nostrae
1654 2884 1715 2925 esse
1738 2869 1900 2925 mellinum:

264 2971 402 3043 regionem
414 2968 596 3036 longinquam,
604 2962 681 3032 juxta
692 2960 849 3033 parabolam
862 2956 1055 3027 evangelicam,
1105 2976 1140 3015 ex
1152 2960 1325 3029 multiloquio
1341 2961 1415 3015 enim
1429 2975 1479 3015 nos
1491 2975 1546 3014 riou
1558 2959 1676 3031 edugere
1688 2970 1838 3030 peccatum.

266 3061 388 3130 accipere
404 3058 456 3113 sibi
467 3071 578 3127 regnum
591 3062 619 3109 et
635 3051 744 3116 reverti,
759 3064 806 3104 eos
817 3056 877 3119 post
889 3047 1057 3117 aliquantum
1141 3049 1222 3105 lans.
1241 3049 1268 3113 5,
1280 3047 1309 3102 l.
1320 3076 1356 3089 -
1370 3046 1400 3103 Si
1413 3047 1477 3119 quid
1489 3048 1581 3102 novisti
1598 3046 1665 3115 Dec,
1680 3065 1711 3102 ne
1723 3048 1831 3103 moreris
1842 3049 1904 3102 red-

265 3133 405 3218 temporis,
419 3146 465 3217 qui
485 3159 565 3214 snper
588 3158 618 3198 se
635 3156 697 3198 eum
720 3152 834 3209 regnare
857 3135 1011 3199 noluerunt,
1027 3134 1055 3188 in
1067 3148 1091 3211 c
1105 3140 1187 3196 dere:
1208 3139 1325 3211 displicer
1339 3140 1409 3195 eninr
1423 3141 1447 3195 ei
1469 3140 1584 3209 infidelia
1604 3151 1628 3194 et
1646 3139 1728 3195 sinim
1749 3142 1902 3211 promissio.

263 3238 365 3309 indicio
375 3240 562 3295 damnaturus.
585 3234 688 3289 Tamen
700 3240 780 3288 erunt
794 3227 996 3300 quamplurimi
1008 3225 1055 3296 qui
1103 3227 1159 3285 Sed
1172 3230 1344 3301 goodcrtngue
1362 3229 1470 3293 nocens,
1491 3228 1580 3283 redde.
1599 3227 1732 3299 Multaque
1755 3229 1850 3284 metim
1863 3242 1904 3284 ert

264 3342 320 3387 non
334 3327 498 3384 mannaim
514 3327 542 3380 in
555 3323 674 3387 Cbristo,
688 3320 848 3390 recipientes
858 3316 1056 3373 Antichrislutn
1106 3336 1161 3375 nen
1179 3337 1281 3387 emere,
1295 3337 1374 3392 geom
1393 3328 1450 3391 post
1464 3328 1553 3375 notem
1574 3320 1699 3392 promisso
1712 3335 1766 3374 non
1779 3320 1903 3376 reddere.

264 3434 315 3491 pro
335 3432 378 3474 eo.
399 3416 453 3472 Sed
471 3424 498 3471 et
514 3414 553 3468 illi
565 3428 619 3468 non
640 3411 765 3466 letantur
775 3408 802 3461 iu
816 3422 860 3472 eo,
877 3406 924 3474 qni
938 3404 1056 3459 earnalia
1108 3408 1227 3479 Simplex
1249 3410 1435 3481 intelligentia,
1462 3408 1683 3480 interpretatione
1707 3424 1760 3465 nou
1788 3410 1902 3482 indiget.

265 3507 409 3571 desideria,
423 3504 511 3565 idest,
533 3500 675 3557 exterioris
691 3497 808 3553 bominis
824 3496 890 3550 vitia
909 3502 1058 3564 sequuntur
1107 3499 1202 3556 Melius
1213 3510 1317 3557 estnon
1329 3501 1489 3572 promittere
1502 3515 1582 3570 quam
1592 3501 1724 3571 promissa
1734 3515 1788 3555 non
1802 3499 1900 3564 lacere,

265 3595 353 3669 magis
369 3609 451 3665 quam
475 3591 611 3648 interioris
627 3589 796 3660 sapientiam.
822 3584 856 3640 lli
876 3592 939 3640 suut
952 3585 998 3655 qni
1011 3599 1058 3639 na·
1108 3591 1171 3661 quia
1182 3590 1324 3661 displicent
1335 3588 1414 3661 ills,
1425 3589 1591 3663 displiciunt]
1603 3590 1731 3646 Decreta
1742 3591 1902 3656 inlidelium,

266 3695 379 3743 acuatur
392 3700 441 3755 per
450 3684 564 3754 gratiam
573 3680 666 3736 sancti
679 3678 807 3750 Spiritus,
821 3684 851 3730 et
860 3682 1057 3730 sacramentum
1107 3679 1154 3748 gui
1168 3694 1222 3739 non
1234 3678 1348 3749 impleut
1361 3694 1421 3750 quie
1433 3680 1592 3749 promittuut
1615 3681 1681 3737 nec.
1703 3681 1775 3737 lleus
1789 3684 1841 3739 uisi
1853 3699 1902 3738 re·

267 3774 394 3845 baptismi
411 3774 438 3827 ln
451 3786 572 3840 regnum,
595 3771 711 3826 sednon
735 3767 935 3839 permanentia
958 3781 999 3831 eo,
1016 3781 1059 3820 re-
1109 3784 1158 3825 rax
1177 3776 1220 3825 est
1239 3777 1267 3824 et
1289 3771 1400 3836 ueritas,
1414 3785 1515 3840 eosque
1528 3778 1602 3826 amat
1615 3772 1663 3841 oui
1682 3774 1806 3829 veritatis
1817 3789 1901 3845 opera

266 3870 405 3917 uertentes
429 3861 464 3916 ad
491 3861 568 3927 vitia,
605 3861 665 3915 ideo
691 3860 843 3930 consumpti
870 3858 960 3928 inopia
984 3858 1060 3914 tabe·
1109 3860 1222 3917 iaciunt.
1237 3860 1397 3917 consideret
1414 3862 1579 3932 bomoqnod
1601 3862 1677 3936 [nm
1691 3865 1768 3940 quid]
1788 3867 1843 3923 ileo
1857 3884 1905 3924 ro

267 3959 354 4007 scens.
1109 3959 1181 4017 reat,
1192 3967 1227 4007 an
1237 3952 1349 4023 implere
1358 3953 1443 4023 possit
1455 3968 1515 4024 quae
1526 3969 1622 4011 rosere
1633 3955 1744 4028 cogitat.
1758 3955 1811 4013 Sed
1822 3973 1905 4029 gene

302 4045 383 4101 Vens.
399 4045 443 4099 l'l.
453 4075 490 4086 -
503 4043 611 4100 Cunodi
623 4046 714 4117 pedem
727 4054 801 4099 taem
815 4045 962 4116 ingrediens
976 4044 1002 4097 in
1014 4043 1060 4097 ‹to-
1109 4039 1204 4097 raliter
1216 4042 1289 4097 omni
1312 4043 1468 4113 praecipitur
1488 4044 1653 4112 Christiano,
1677 4056 1708 4102 ut
1721 4047 1801 4102 iidem
1822 4063 1906 4118 opere

265 4134 601 4207 mimnermonisque
617 4135 764 4190 ntosdics.
781 4134 949 4189 notiorem
968 4134 1061 4189 melior
1109 4133 1252 4203 compleat,
1269 4143 1298 4190 et
1310 4149 1364 4190 nou
1375 4135 1412 4190 sit
1424 4135 1521 4192 similis
1532 4135 1699 4205 iudaeorum,
1709 4139 1756 4208 qui
1769 4140 1905 4209 spondam

264 4237 303 4284 eat
318 4228 463 4283 obedientia
475 4243 555 4299 gnam
574 4226 714 4281 studerem
736 4227 858 4293 victime,
872 4227 918 4296 qni
942 4226 1059 4281 sesciano
1108 4225 1242 4279 menania
1255 4222 1356 4292 iacere,
1373 4240 1434 4296 que
1457 4225 1587 4283 Dominus
1604 4228 1736 4297 praecipit,
1759 4227 1904 4286 dicentes:

265 4320 331 4393 grid
344 4319 445 4388 sonent
468 4317 541 4372 moli.
564 4317 703 4387 Praecepta
726 4317 772 4372 dat
795 4317 868 4384 rita,
884 4326 912 4373 et
934 4333 988 4374 non
1002 4319 1060 4375 rull
1111 4314 1207 4371 Ouinio
1224 4330 1385 4388 perungue
1404 4316 1527 4388 precepit
1544 4317 1618 4372 troiia
1631 4316 1761 4372 Drmiam
1775 4316 1906 4385 facim

266 4409 403 4467 offendere
427 4418 523 4466 euntes
542 4409 577 4465 ad
600 4408 759 4465 Ecclesiam.
779 4406 838 4463 Non
855 4410 929 4464 enim
955 4409 1058 4480 ingredi
1110 4407 1209 4481 (nmo.
1225 4424 1299 4474 xxiv,
1313 4408 1363 4479 5);
1387 4415 1482 4478 postea
1495 4407 1595 4466 situlos
1616 4407 1758 4476 iacientes,
1773 4409 1906 4466 adorare·

266 4500 376 4556 domurn
389 4499 447 4564 nei,
471 4500 519 4556 sed
537 4501 596 4555 sine
610 4498 758 4556 offensione
779 4500 882 4571 ingredi
905 4498 993 4555 laudis
1006 4509 1059 4557 est.
1073 4507 1175 4574 prout
1187 4498 1268 4554 idola.

265 4594 300 4648 Et
313 4594 336 4648 si
351 4601 423 4649 esset
433 4594 553 4648 omnium
564 4594 610 4665 qui
624 4603 687 4650 suut
708 4596 736 4649 in
752 4594 873 4650 Ecclesia
892 4594 951 4662 bei,
965 4596 1060 4652 audire
1147 4587 1229 4661 425
1248 4589 1329 4645 Vens.
1348 4588 1376 4644 5.
1393 4618 1429 4630 -
1448 4589 1490 4645 Ne
1509 4590 1613 4646 dederis
1634 4608 1665 4646 or
1687 4603 1773 4657 tarot,
1795 4602 1824 4646 ttt
1837 4608 1904 4662 pec·

265 4695 419 4737 sennonem
430 4691 458 4737 et
476 4681 567 4736 diuina
582 4683 719 4755 mysteria,
743 4698 880 4752 nunqnam
902 4683 1060 4749 addidisset,
1112 4677 1267 4748 calefaciet
1279 4692 1385 4733 earnm
1401 4689 1485 4746 tuam,
1499 4695 1581 4751 ”⁶4⁸0
1595 4680 1669 4737 dieat
1682 4698 1772 4737 coram
1787 4680 1905 4752 eredo?

265 4771 451 4842 Appropirquo
464 4780 492 4825 at
504 4771 608 4825 ordior.
634 4771 752 4842 beniqrm
768 4772 873 4843 lioyses
884 4773 957 4829 solus
975 4789 1060 4847 prope
1112 4767 1175 4823 Non
1188 4776 1226 4823 ert
1244 4769 1417 4840 providentio,
1431 4786 1463 4825 ne
1477 4769 1545 4841 {orte
1561 4772 1646 4826 iratas
1667 4771 1738 4827 Dera
1755 4788 1834 4837 caper
1845 4788 1904 4826 rer·

267 4862 413 4919 accedebat
424 4861 459 4916 ad
472 4861 634 4917 audiendum
646 4862 730 4917 Mum
743 4880 749 4915 :
761 4863 851 4917 ceteri
865 4863 1059 4919 accederenon
1111 4874 1188 4913 mone
1201 4868 1257 4925 too,
1284 4859 1390 4931 dissipet
1417 4870 1512 4915 cuncto
1534 4877 1614 4932 opero
1635 4878 1762 4917 mannent
1783 4872 1903 4921 raom.

264 4952 401 5011 valebant.
423 4951 500 5020 Quod
512 4952 588 5009 stulti
600 4955 751 5008 nescientes
767 4952 916 5007 remedium
925 4966 986 5008 esse
997 4969 1059 5024 pec-
1111 4949 1216 5006 llebraei
1233 4951 1269 5005 ila
1287 4952 1427 5007 sentiunt:
1451 4951 1524 5021 quod
1546 4967 1600 5008 nnn
1626 4963 1703 5023 potes
1724 4952 1824 5017 iacere,
1847 4966 1905 5006 uon

266 5043 331 5110 cati,
355 5043 573 5112 estimantesgne
590 5056 640 5113 pro
661 5042 796 5098 oblatione
820 5041 897 5115 [llr.,
917 5057 967 5114 per
984 5044 1060 5099 obla-
1109 5041 1266 5109 promittas3
1284 5042 1421 5097 nonenim
1434 5042 1461 5096 in
1474 5052 1583 5096 rentum
1598 5029 1669 5099 dieta
1682 5051 1833 5107 transeunt,
1854 5043 1903 5098 scd

266 5133 379 5205 tionem]
391 5147 533 5191 munemm
545 5130 909 5203 Densatislacereseposse,
922 5132 971 5207 [et]
985 5135 1061 5206 igno-
1110 5149 1126 5188 a
1146 5136 1273 5205 praesenti
1297 5135 1401 5204 angelo,
1425 5135 1472 5207 qui
1496 5135 1642 5207 unicuique
1664 5135 1785 5189 adhaeret
1800 5148 1902 5194 comcs.

266 5233 328 5281 rant
340 5226 393 5280 boe
403 5222 503 5281 malum
515 5237 575 5279 esse
594 5230 675 5292 atque
691 5232 843 5294 peceatum,
858 5239 912 5280 non
933 5224 1060 5280 obedien·
1109 5229 1201 5285 statim
1214 5228 1387 5298 proferuntur
1401 5226 1489 5300 [Hier.
1501 5227 1685 5302 perferuntur]
1698 5229 1732 5283 nd
1746 5228 1900 5283 llorninum.

266 5315 304 5374 m
324 5313 420 5387 [Edit.,
446 5329 500 5371 nou
522 5314 557 5371 ob
580 5312 772 5386 obedientiam]
793 5323 990 5386 praeceptorum
1011 5314 1059 5370 Dei
1111 5318 1144 5372 Et
1155 5326 1184 5374 tu
1197 5318 1244 5387 oiri
1263 5326 1343 5387 partas
1365 5318 1490 5387 ignorare
1507 5320 1591 5375 Deum
1608 5320 1680 5390 quod
1701 5317 1839 5388 pollicitus
1860 5332 1900 5384 es,

267 5401 317 5474 [et]
333 5403 410 5461 lonis
422 5402 559 5474 operibus,
579 5401 627 5458 sed
640 5402 718 5458 donis
736 5411 763 5459 et
782 5403 901 5458 victimis
914 5404 1058 5459 emendare
1110 5424 1243 5479 provocas
1255 5424 1317 5463 eom
1338 5410 1373 5465 ad
1396 5410 1574 5479 iracundiam,
1594 5422 1624 5468 ut
1638 5414 1728 5469 omnia
1751 5427 1833 5483 opera
1854 5421 1902 5468 tua

267 5492 344 5557 selle,
356 5509 416 5563 quae
435 5493 526 5564 inique
538 5492 661 5548 iecerint.
676 5492 745 5548 iloie
757 5494 882 5565 congruit
896 5493 970 5559 illud,
986 5494 1058 5565 quod
1110 5498 1283 5567 dissipentur.
1299 5497 1354 5555 Nos
1366 5514 1431 5555 vero
1447 5501 1484 5555 ita
1499 5501 1685 5573 intelligimus,
1698 5502 1772 5573 qnod
1785 5501 1829 5556 bis
1840 5514 1903 5556 rer-

269 5579 295 5633 itt
309 5581 452 5652 Evangelio
473 5584 530 5653 ipsa
551 5583 727 5639 Verllnsaii:
753 5583 851 5639 Discite
863 5583 926 5655 qaid
940 5593 989 5650 eol,
1004 5584 1056 5637 nrt'·
1109 5588 1314 5660 hisarguantur
1330 5591 1377 5662 qui
1393 5592 1902 5663 necessitatgggmiggtnapuraeggpee-

267 5673 791 5744 seriecrdinmrolo,etnooracripirt'ttnt
806 5676 913 5748 (Martii.
929 5692 965 5743 tx,
984 5676 1038 5747 lb).
1110 5693 1172 5735 care
1191 5680 1365 5748 contendunt,
1387 5679 1564 5754 creatorique
1591 5684 1754 5749 inscribunt,
1778 5697 1828 5738 eur
1853 5694 1906 5736 θοι
2010 5742 2011 5755 ¹
