4075 6192
187 330 235 386 711
504 325 709 383 mundam·
729 353 764 365 -
781 321 958 380 COMMENT.
978 320 1012 377 ΙΝ
1029 319 1126 379 tota.
1145 353 1180 362 -
1198 320 1307 381 aaut.
1326 319 1491 378 PRAEVIAE.
1764 321 1820 380 m

183 436 338 512 qnia,quod
350 438 391 492 len
400 445 427 492 et
435 426 573 506 prophetae
582 434 700 490 luterum
711 433 971 504 praenuntiaverunt,
987 439 1009 494 Α
1023 447 1066 499 ea,
1078 446 1138 502 qnae
1148 430 1336 504 praeterierant
1349 429 1463 500 priores,
1478 435 1541 484 ιιιιε
1553 427 1725 485 traditionem
1734 427 1820 487 loan-

185 537 238 590 hoc
250 531 385 588 rcdttitum
396 538 478 598 atque
490 527 652 597 completum
669 526 696 582 in
707 525 853 597 Evangelio
866 524 976 579 demon·
1028 517 1071 571 nis
1085 516 1234 574 Salvatoris
1259 527 1336 589 gesta
1358 518 1534 576 describeret.
1563 517 1597 573 Et
1621 518 1681 574 idco
1702 520 1768 576 dicit
1792 524 1823 578 in

189 630 290 680 stratur
314 617 382 691 [Al.,
396 618 570 688 Evangelium
590 613 780 687 demonstrat]
804 612 893 684 Atque
905 613 977 668 inter
1027 606 1173 678 Evangelio
1187 622 1258 664 suo:
1281 606 1339 662 lloc
1354 607 1533 678 foemininum
1555 607 1689 678 agnorum
1711 626 1821 667 nooman

185 713 260 786 ipsos
268 708 477 780 Evangeliornm
486 701 975 777 scriptoresnaldebeatnmloannem,
1026 695 1104 751 Jerur
1117 696 1209 770 (loun.
1220 713 1251 762 tt,
1264 695 1320 769 11).
1335 697 1369 752 Ε1
1382 698 1480 752 iterum
1491 698 1518 752 in
1531 696 1584 753 alio
1596 697 1656 754 loco
1669 698 1821 757 indicatdi-

185 797 563 868 indivinornmprolunditate
573 795 761 867 mysteriorum
770 790 976 847 eminentiorem
1027 802 1092 842 cens
1106 806 1113 840 :
1126 787 1252 842 Nondum
1265 788 1335 843 enim
1345 788 1462 844 ioannes
1473 798 1529 843 eret
1542 790 1637 845 missus
1649 791 1676 845 ιἰι
1689 806 1820 847 macerem

184 908 266 949 esse:
281 906 362 962 quem
373 890 455 947 etiarn
470 889 598 953 tradunt,
618 889 690 943 sicut
701 886 800 958 legitur
811 884 838 939 in
848 882 978 939 ecelesia·
1028 875 1120 948 (loun.
1136 892 1179 942 ιιι,
1191 876 1249 949 il).
1266 877 1306 931 Ειι
1330 877 1429 950 quihus
1441 885 1549 934 constat
1563 879 1635 947 quod
1653 894 1686 935 ea
1699 895 1760 950 quae
1772 897 1822 937 an·

184 985 254 1040 stica
265 981 388 1044 nunna,
402 992 489 1050 usqne
501 978 535 1033 ad
546 977 670 1033 ultimum
681 990 750 1046 pene
766 976 827 1030 vitae
839 989 895 1028 suna
906 983 976 1028 tem·
1027 975 1137 1037 tequam
1149 966 1268 1022 imnum
1293 969 1456 1035 traderetur,
1483 969 1518 1025 ah
1532 968 1596 1026 lesu
1610 969 1720 1027 lucrant
1732 983 1825 1042 gesta,

184 1092 246 1146 pus,
260 1075 363 1142 absque
387 1070 468 1125 ullius
491 1068 638 1140 Scriptura
662 1067 780 1131 indiciis,
802 1064 978 1136 Evangelinm
1028 1059 1167 1114 describit.
1181 1057 1434 1129 Sedprocnlduhio
1447 1061 1746 1119 masimedirinitatem
1768 1067 1823 1122 Do·

184 1184 254 1239 qnare
277 1179 404 1222 sermone
421 1162 593 1233 praedicasse.
608 1160 748 1230 Siquidem
764 1174 780 1213 a
793 1166 913 1229 tempore
925 1156 979 1212 lis·
1028 1150 1095 1205 mini
1107 1150 1269 1206 nostrilesu
1282 1150 1396 1217 Christi,
1412 1166 1465 1221 qua
1477 1151 1552 1206 Patri
1572 1160 1616 1208 est
1635 1154 1747 1224 aequalis
1760 1195 1768 1221 ,
1782 1157 1826 1212 in·

189 1258 295 1312 minine
309 1253 456 1327 passionis,
472 1252 679 1309 resurrectionis
694 1260 722 1306 et
740 1248 918 1316 ascensionis,
933 1263 979 1304 us-
1029 1242 1115 1297 tcndit
1138 1242 1278 1298 declarare
1289 1283 1297 1308 ,
1310 1257 1424 1313 eamqttc
1438 1244 1572 1315 praecipue
1596 1260 1646 1300 sno
1666 1246 1822 1317 Evangelio,

188 1361 241 1418 qne
263 1344 297 1401 ad
311 1343 406 1400 ultima
420 1342 564 1399 Domitiani
578 1341 709 1412 principis
722 1349 853 1409 tempora,
868 1354 917 1410 per
931 1354 979 1393 an-
1029 1340 1160 1402 quantum
1176 1333 1247 1389 inter
1257 1334 1381 1390 homines
1392 1333 1516 1421 sulllcere
1537 1335 1661 1402 eredidit,
1687 1352 1825 1392 mammen-

187 1452 237 1492 m,
250 1432 511 1504 nimirem-235⁰„
532 1438 560 1486 gg
574 1432 707 1501 quinque,
723 1429 825 1500 absque
846 1428 900 1483 „110
914 1428 980 1483 scri.
1029 1421 1095 1475 dure
1121 1422 1236 1477 curarit.
1263 1421 1357 1493 ltaque
1385 1422 1464 1493 longe
1485 1438 1501 1477 a
1526 1424 1612 1480 tribus
1637 1427 1824 1496 superioribus

186 1526 266 1582 bendi
277 1521 451 1587 adminiculo,
466 1523 578 1577 verbum
591 1518 640 1576 Dei
660 1519 833 1591 praedicabat.
857 1517 891 1571 ht
902 1516 979 1571 uhia
1029 1514 1199 1585 evangelistis
1206 1515 1348 1571 sublimius
1357 1515 1477 1572 clevatus
1485 1526 1538 1582 est,
1550 1516 1586 1571 ita
1597 1526 1626 1571 ut
1636 1531 1684 1573 eos
1693 1520 1827 1589 quodam·

186 1616 357 1677 Domitiano,
380 1613 426 1685 qni
440 1612 574 1668 secundus
585 1621 647 1681 post
661 1609 794 1665 Neronem
808 1607 978 1664 Christiano·
1029 1606 1110 1660 rnodo
1124 1605 1216 1661 videas
1231 1606 1258 1661 in
1277 1614 1348 1662 terra
1363 1622 1425 1662 cum
1440 1604 1550 1663 Christo
1574 1608 1684 1664 honzine
1711 1624 1828 1664 coater-

185 1725 247 1768 rum
260 1718 417 1780 persecutor
428 1707 543 1772 exstitit,
571 1705 598 1760 in
622 1703 718 1759 exsilio
731 1702 859 1757 Pathmos
881 1700 978 1773 [Beda
1030 1695 1095 1762 sari,
1110 1695 1185 1751 ilium
1198 1705 1289 1752 numm
1300 1698 1500 1754 transcendisse
1513 1699 1638 1754 nebulam
1656 1715 1710 1771 qua
1726 1702 1826 1773 tegitur

185 1801 262 1860 exstd
273 1802 301 1856 in
313 1797 453 1870 Patbmos]
463 1798 563 1853 missus
575 1804 635 1860 est;
655 1803 735 1850 nacta
751 1793 894 1849 occasione
907 1791 980 1848 illius
997 1786 1016 1845 B
1030 1789 1119 1844 omnis
1130 1796 1219 1854 terra,
1233 1797 1261 1845 et
1276 1790 1431 1860 pervenisse
1446 1792 1478 1846 ad
1495 1791 1626 1862 liquidum
1643 1793 1703 1849 coeli
1722 1793 1825 1856 lamen,

185 1891 222 1963 pii
236 1889 326 1945 Patris
336 1888 471 1952 absentia,
487 1887 667 1957 irrumpentes
680 1885 707 1940 in
721 1883 870 1940 Ecclesiam
893 1884 981 1939 bare·
1030 1879 1102 1934 unde
1118 1880 1176 1935 acie
1189 1880 1289 1936 mentis
1305 1881 1461 1937 acutissima
1476 1888 1558 1951 atque
1572 1880 1729 1938 firmissima
1751 1883 1828 1940 vide-

186 1982 241 2045 tici,
257 1980 334 2052 quasi
348 1980 376 2034 in
389 1978 517 2035 destituta
536 1978 655 2049 pastoris
674 1974 770 2049 [lledm
790 1973 912 2049 pastore]
922 1975 981 2031 ovi·
1031 1979 1074 2026 ret
1085 1971 1112 2026 in
1124 1971 1395 2042 principioVerbum,
1408 1972 1494 2028 ileum
1505 1973 1538 2028 de
1552 1972 1618 2040 ileo,
1633 1972 1723 2028 lumen
1737 1974 1771 2030 de
1783 1972 1828 2029 lu·

183 2074 219 2127 lia
241 2072 317 2142 lupi,
331 2070 460 2134 Marcion,
478 2068 642 2126 cherinthus
655 2075 684 2123 et
699 2068 812 2134 Hebion,
837 2067 980 2137 amteriqne
1030 2061 1114 2125 minc,
1134 2074 1276 2132 perquem
1293 2059 1364 2118 lacta
1379 2070 1442 2118 sunt
1455 2061 1565 2123 onnia.
1582 2072 1611 2118 et
1634 2064 1721 2134 ipsum
1742 2079 1828 2138 agno-

186 2162 359 2229 hntichristi,
371 2162 418 2232 qui
427 2160 565 2219 Christum
578 2160 662 2215 luisse
675 2169 738 2216 ante
762 2159 875 2215 blariam
899 2174 981 2229 nega-

183 2254 259 2317 bant,
273 2250 475 2322 simplicitatem
485 2250 548 2306 lidei
561 2250 724 2322 evangelicae
744 2243 873 2321 peruersa
888 2264 980 2305 maeu-

183 2342 275 2398 lavere
281 2340 414 2398 doctrina.
422 2338 477 2397 Sed
486 2340 551 2396 dum
562 2339 619 2410 ipse
630 2346 691 2409 post
702 2339 866 2396 occisionem
878 2339 979 2412 ltine,

183 2430 372 2504 occasionem]
398 2432 564 2496 Domitiani,
586 2431 759 2501 permittente
783 2430 828 2500 pio
858 2431 980 2501 principe

186 2522 287 2589 Nersa,
300 2521 402 2578 rediret
416 2521 566 2591 Ephesum,
577 2521 733 2592 compulsus
744 2528 787 2574 cst
799 2519 833 2574 ab
854 2519 980 2574 omnibus

185 2626 253 2682 pene
268 2609 568 2680 muchsieeptscopts,
589 2617 617 2665 et
638 2608 784 2663 multarum
796 2607 979 2662 Ecclesiarum

185 2703 376 2775 legationibus,
390 2701 423 2758 de
433 2711 567 2757 ooaeterm
578 2700 653 2755 Patri
675 2700 814 2755 divinitate
828 2698 930 2755 Christi
943 2699 981 2755 al·

187 2792 241 2848 tius
257 2791 347 2848 lacere
362 2805 534 2857 sermonem,
553 2790 672 2861 eoquod
698 2790 725 2845 in
741 2790 822 2846 trium
845 2789 980 2860 evangeli·

185 2895 288 2940 starum
308 2884 428 2954 scriptis,
453 2883 570 2938 Matthaei
582 2882 720 2945 videlicet,
737 2881 819 2938 hiarci
842 2890 869 2936 et
888 2880 979 2947 Lucae,

1031 2158 1121 2205 sceret
1134 2166 1216 2207 earne
1235 2150 1312 2224 [llr.,
1328 2152 1450 2226 carnem]
1463 2152 1584 2219 lactum,
1603 2162 1633 2209 ut
1646 2154 1782 2211 babitaret
1796 2157 1827 2214 in

1031 2245 1108 2299 nobis
1122 2264 1129 2298 ι
1147 2246 1219 2316 quod
1233 2246 1367 2317 acceperit
1376 2261 1497 2311 canrem,
1512 2261 1565 2301 non
1580 2247 1651 2315 quod
1670 2246 1751 2304 luerit
1765 2264 1825 2306 rnu-

1031 2342 1103 2390 tatus
1115 2335 1143 2390 in
1158 2350 1279 2391 manem.
1291 2335 1349 2392 Nisi
1358 2338 1430 2392 enirn
1442 2337 1533 2393 carnis
1543 2337 1701 2408 assumptio,
1718 2349 1828 2394 servata

1030 2425 1244 2481 incommutabili
1257 2426 1407 2491 divinitate,
1422 2426 1493 2483 lacta
1507 2433 1656 2492 essetnec
1669 2428 1824 2486 diceretur:

1030 2515 1088 2586 Ego
1100 2526 1125 2569 et
1136 2516 1218 2572 Pater
1230 2534 1312 2571 unum
1326 2534 1419 2573 sumus
1433 2519 1524 2590 (donn.
1533 2535 1561 2585 x,
1574 2521 1631 2591 50).
1648 2518 1741 2593 Neque
1753 2515 1825 2577 eninr

1030 2604 1113 2661 Pater
1125 2615 1153 2660 et
1167 2620 1232 2662 caro
1244 2621 1327 2661 unum
1338 2614 1411 2662 sunt.
1426 2608 1461 2661 Et
1481 2609 1534 2663 hoc
1552 2609 1586 2664 de
1599 2624 1629 2664 sc
1642 2610 1702 2679 ipso
1716 2610 1826 2667 ὓοιιιίιιι

1030 2699 1234 2761 testimonium,
1265 2697 1339 2752 solus
1362 2697 1433 2752 idem
1450 2695 1569 2754 ioannes
1590 2700 1825 2755 commemorarit.
1902 2695 1908 2706 '

1030 2789 1065 2844 Et
1076 2831 1083 2856 ,
1096 2792 1141 2862 qui
1156 2807 1197 2845 me
1211 2788 1296 2853 ridet,
1315 2788 1382 2844 ridet
1394 2798 1418 2843 et
1432 2787 1550 2844 Putrem.
1571 2789 1615 2853 El,
1629 2788 1684 2859 Ego
1695 2790 1722 2843 ia
1733 2788 1827 2856 Patre,

1030 2889 1054 2934 et
1072 2880 1154 2935 Pater
1167 2881 1195 2934 ιἰι
1218 2896 1268 2934 me.
1280 2879 1324 2943 Et,
1339 2876 1373 2933 th
1382 2881 1434 2934 sint
1448 2895 1528 2934 anum
1538 2897 1547 2943 ,·
1559 2881 1626 2935 sicut
1638 2889 1662 2934 et
1682 2896 1729 2934 tros
1743 2897 1826 2935 ιιιιιιιιι

184 2976 219 3030 ale
233 2974 383 3030 humilitate
397 2972 475 3046 μὴ,
487 2971 667 3044 humanitate]
681 2972 750 3043 eius,
764 2988 796 3028 ac
810 2973 843 3029 de
865 2973 908 3029 his
919 2988 980 3043 quae
1030 2987 1131 3025 morans.
1158 2971 1202 3036 Et,
1216 2969 1281 3036 Quor
1300 2969 1382 3025 Pater
1402 2970 1481 3040 fecit,
1503 2971 1559 3026 lanc
1576 2971 1667 3025 eudem
1693 2981 1717 3025 et
1737 2970 1826 3025 Filius

186 3079 236 3133 per
259 3064 395 3119 hominem
415 3063 517 3135 gessit,
537 3063 673 3120 svrfficiens
688 3063 738 3119 sibi
754 3063 910 3118 viderentur
931 3063 980 3118 ha·
1032 3067 1096 3137 [neit
1114 3067 1234 3124 sinaillter
1248 3068 1339 3136 (ioan.
1352 3082 1408 3132 arn,
1424 3068 1451 3133 9,
1468 3067 1528 3141 l0];
1545 3068 1578 3123 Et
1598 3068 1688 3139 siqua
1701 3066 1828 3124 aliasnnt

184 3155 251 3210 here
269 3154 462 3211 testimonium.
485 3153 562 3220 Quod
577 3153 663 3210 illese
682 3168 736 3208 non
751 3154 830 3208 aliter
854 3163 980 3209 arturum
993 3132 1016 3195 C
1031 3172 1092 3228 qum
1105 3156 1206 3213 Christi
1228 3156 1416 3223 divinitatem,
1437 3157 1531 3227 inqua
1550 3157 1662 3229 aequatis
1675 3165 1718 3212 est
1737 3157 1823 3220 Patri,

186 3248 339 3319 respondit,
352 3248 405 3303 nisi
430 3246 531 3303 indicto
541 3244 645 3316 jejunio
668 3262 763 3303 ornnes
785 3246 813 3302 in
838 3260 980 3303 commune
1030 3256 1105 3304 recte
1116 3246 1326 3319 intelligentibus
1344 3248 1481 3314 intiment,
1496 3247 1601 3318 plenius
1612 3245 1686 3302 solus
1707 3243 1827 3302 ioannes

189 3340 333 3394 hominum
356 3347 535 3409 precarentur
555 3336 620 3411 [lla.
645 3335 877 3409 deprecarentur]
892 3334 979 3392 utillo
1030 3337 1056 3392 in
1072 3339 1218 3411 Evangelio
1234 3354 1285 3395 suo
1297 3340 1397 3411 posuit,
1414 3350 1542 3409 tanquam
1556 3339 1589 3393 de
1602 3345 1711 3409 pectore
1736 3337 1824 3408 ipsius

184 3435 306 3492 donante
317 3434 395 3504 digna
409 3433 530 3489 seribere
541 3440 641 3503 posset.
651 3431 686 3486 Et
696 3432 748 3486 hoc
758 3430 795 3486 ita
809 3437 927 3500 patrato,
938 3428 980 3484 in·
1029 3428 1147 3495 Domini,
1158 3444 1240 3500 snper
1252 3431 1325 3500 quod
1338 3430 1508 3487 discumbere
1523 3433 1549 3485 in
1560 3429 1751 3500 ejusoonnivio
1764 3433 1829 3492 soli-

184 3530 307 3579 strnctus
320 3524 483 3579 revelatione
494 3522 622 3588 caelesti,
642 3536 674 3577 ac
688 3520 774 3578 sancti
787 3518 906 3590 Spiritus
918 3533 980 3589 gra·
1029 3531 1073 3578 tus
1087 3530 1156 3590 erat,
1179 3531 1313 3580 secretum
1326 3524 1476 3581 divinitatis
1499 3525 1559 3594 ejus
1580 3523 1692 3580 uberius
1711 3533 1738 3579 ct
1760 3541 1829 3596 quo-

186 3616 223 3669 tia
248 3614 387 3681 ebriatus,
406 3630 502 3671 omnes
523 3614 713 3670 hereticorum
738 3613 879 3677 tenebras,
904 3620 980 3682 pate-
1029 3615 1173 3671 dammodo
1183 3614 1343 3670 familiarius
1355 3614 1471 3670 biberet.
1485 3613 1613 3680 Proinde,
1627 3628 1690 3670 eum
1701 3615 1761 3672 dnae
1772 3616 1827 3672 vir·

184 3707 256 3760 lacta
271 3702 338 3777 [dl.,
351 3704 511 3777 patefactas]
527 3705 617 3760 subito
629 3703 752 3761 veritatis
774 3703 844 3769 lnce,
867 3702 980 3773 dispulit
1030 3711 1103 3759 tutes
1116 3704 1261 3775 propositae
1272 3703 1326 3757 sint
1337 3702 1435 3756 animae
1447 3703 1583 3769 humanm,
1598 3719 1652 3759 nna
1670 3706 1770 3773 activa,
1784 3708 1825 3762 al·

184 3796 299 3853 cicens:
316 3794 350 3851 ln
361 3796 489 3867 principio
502 3804 558 3849 erut
585 3792 719 3859 Verbum,
745 3803 769 3847 et
790 3791 902 3847 Verium
922 3799 979 3846 erat
1031 3803 1089 3849 tera
1110 3793 1321 3864 contemplativa
1341 3811 1348 3847 ε
1374 3793 1418 3849 illa
1433 3809 1486 3864 qua
1503 3795 1573 3864 itur,
1599 3796 1650 3854 ista
1663 3814 1716 3869 qua
1730 3815 1827 3871 pierre·

184 3886 256 3958 apud
272 3887 370 3953 Deum,
383 3897 408 3941 et
422 3888 560 3942 Densernt
578 3884 690 3941 Verbum
701 3885 792 3958 (loun.
809 3898 829 3949 r,
842 3882 879 3952 l).
891 3880 981 3952 litque
1030 3887 1119 3951 nitnr3
1135 3884 1180 3939 illa
1193 3900 1247 3955 qna
1260 3885 1399 3941 laborator
1411 3896 1440 3943 ut
1463 3902 1512 3945 cor
1529 3891 1675 3948 mundetur
1687 3893 1721 3949 ad
1731 3895 1831 3950 siden·

185 3994 249 4033 cnm
267 3979 347 4033 trium
360 3975 578 4046 Evangeliornm,
591 3974 708 4029 iiatthaei
721 3971 835 4036 seilicet,
847 3970 932 4025 llarci
953 3978 981 4024 et
1030 3972 1095 4027 dum
1109 3971 1213 4039 Deum,
1226 3973 1278 4030 ista
1288 3989 1342 4043 qua
1354 3984 1469 4031 vocatur
1486 3985 1513 4033 et
1525 3978 1632 4035 ridetur
1651 3980 1723 4037 Deus
1749 4001 1755 4037 :
1780 3983 1825 4039 tlt·

184 4070 276 4133 buca,
290 4068 325 4123 ad
335 4080 397 4121 cnm
416 4066 511 4121 notitia
523 4064 702 4133 pervenisset,
726 4063 856 4133 probasse
870 4060 979 4131 quidem
1029 4071 1072 4117 est
1081 4063 1107 4117 in
1119 4064 1263 4135 preceptis
1272 4065 1587 4139 exercendaeritachujus
1598 4071 1761 4140 temporalis,
1772 4073 1826 4130 ista

183 4162 284 4217 «licitur
302 4158 381 4214 iidem
396 4165 424 4212 et
438 4155 580 4212 ueritatem
604 4154 756 4221 dictorum
777 4153 870 4209 deesse
890 4160 979 4207 tamen
1030 4155 1058 4212 in
1070 4154 1261 4213 doetrinanitae
1274 4157 1346 4214 illius
1356 4160 1522 4231 sempiterna
1541 4160 1620 4235 [lla.,
1633 4165 1827 4241 sempiternae]

186 4251 254 4306 sidit
263 4248 353 4318 aliqua
362 4263 452 4302 rerum
463 4252 601 4317 gestarum
611 4243 739 4310 historice,
753 4258 784 4299 ea
792 4242 910 4297 maxime
919 4256 981 4310 quae
1029 4245 1126 4318 hcpcr
1140 4246 1247 4304 hocilta
1259 4257 1399 4319 operatur,
1426 4251 1479 4308 ista
1501 4252 1650 4323 requiescit
1669 4271 1678 4309 r
1705 4249 1768 4325 qnia
1781 4256 1826 4313 illa

184 4341 273 4411 primo
292 4337 493 4408 predicationis
508 4352 563 4392 snm
577 4334 836 4405 tomporeliominns
847 4341 978 4404 gesserat.
1030 4347 1072 4392 est
1091 4337 1118 4393 in
1132 4340 1293 4412 purgatione
1318 4350 1507 4412 peccalorum,
1534 4345 1588 4401 ista
1602 4346 1630 4402 in
1648 4346 1749 4403 lumine
1761 4365 1826 4419 pur-

185 4430 297 4483 Certum
312 4433 356 4482 est
368 4427 442 4483 enim
454 4427 526 4496 quod
540 4427 568 4480 in
590 4425 776 4496 superioribus
791 4423 878 4479 tribus
891 4422 980 4477 Evan-
1031 4437 1155 4501 gatonem
1169 4448 1176 4484 :
1192 4446 1225 4486 ac
1236 4446 1286 4502 per
1298 4431 1370 4498 hoe,
1386 4433 1413 4487 in
1427 4434 1481 4489 hac
1505 4435 1559 4489 vita
1572 4434 1699 4502 mortali,
1715 4436 1761 4493 illa
1783 4447 1827 4495 est

184 4517 263 4588 gellis
286 4517 346 4574 haec
365 4516 493 4572 ridentur
504 4514 561 4574 sola
576 4514 709 4570 contineri
739 4528 798 4583 quse
819 4520 894 4584 gesta
917 4520 980 4568 sunt
1031 4520 1059 4574 in
1068 4535 1150 4591 opere
1159 4520 1238 4575 honae
1247 4522 1473 4589 conversationis,
1487 4523 1539 4578 ista
1551 4539 1615 4581 vcro
1625 4527 1712 4598 magis
1724 4528 1825 4595 indole,

186 4616 328 4678 postquam
343 4604 462 4662 ioannes
474 4604 594 4675 baptista
617 4603 732 4658 traditus
746 4611 774 4658 et
797 4601 917 4657 inclusus
937 4610 979 4656 est
1031 4619 1059 4664 er
1069 4609 1139 4680 apud
1148 4625 1199 4680 per
1211 4626 1313 4681 paucos
1326 4625 1376 4682 por
1390 4613 1528 4683 speculum
1544 4615 1572 4670 in
1585 4617 1738 4688 aenigmate,
1751 4627 1780 4675 et
1790 4635 1826 4676 ex

186 4698 213 4751 in
227 4710 347 4751 carcere.
359 4696 481 4766 lienique
495 4695 518 4750 si
530 4695 660 4749 observes
674 4693 766 4749 statim
784 4693 810 4746 in
824 4692 902 4748 initio
916 4708 979 4747 nar·
1030 4706 1108 4768 parte
1122 4698 1149 4753 in
1165 4698 1256 4768 aliqua
1270 4699 1373 4756 visione
1387 4701 1615 4761 incommutabilis
1633 4705 1770 4765 Veritatis.
1784 4709 1824 4770 Ex

186 4788 309 4855 tationis,
322 4798 500 4859 posteaquam
513 4787 597 4842 relert
607 4787 748 4842 blatthaens
758 4785 978 4857 dcqnadraginta
1030 4804 1085 4860 qno
1098 4788 1209 4861 intelligi
1224 4790 1323 4857 datur,
1337 4791 1360 4846 si
1372 4791 1514 4863 diligenter
1525 4795 1662 4864 advertas,
1677 4806 1825 4856 trcsetan

185 4880 291 4934 alierum
304 4878 407 4949 ieiunio
417 4887 444 4935 ct
454 4879 487 4935 dc
499 4878 648 4934 tentatione
659 4875 728 4948 ejus,
751 4877 880 4934 continuo
892 4875 980 4945 subie-
1030 4882 1156 4954 gelistas,
1175 4883 1335 4952 temporalia
1349 4882 1420 4939 lacta
1438 4884 1583 4943 hominist
1594 4886 1685 4954 dicta,
1707 4904 1767 4960 qnae
1789 4891 1825 4947 ad

185 4969 347 5026 elidimus:
365 4970 482 5025 Aadhns
495 4978 583 5024 uatem
594 4969 657 5041 qaia
674 4968 791 5023 ioannes
805 4967 918 5023 traditus
931 4978 980 5034 eat,
1031 4970 1218 5028 informandos
1229 4987 1320 5029 mores
1335 4973 1396 5028 rita
1404 4976 1547 5045 praesentis
1558 4979 1676 5034 maxime
1689 4979 1824 5049 valerent,

184 5061 304 5115 discessit
317 5060 483 5117 deluderent
496 5057 747 5116 neaitinGaliloeum
759 5057 979 5132 (bracbanta).
1030 5063 1166 5134 copiosius
1175 5071 1341 5135 prosecutos,
1354 5064 1427 5121 circa
1441 5065 1516 5122 illam
1530 5069 1646 5124 activam
1660 5067 1744 5127 luisse
1761 5087 1824 5127 rer·

187 5152 394 5209 Sedetllarcus
402 5152 537 5219 similiter,
551 5151 743 5224 Posteaquam,
757 5149 981 5221 inquit,trudirua
1031 5148 1266 5216 satos310annen
1285 5151 1436 5210 veroiacta
1456 5154 1563 5213 namma
1586 5157 1672 5215 multo
1692 5161 1822 5231 pauciora

185 5242 517 5310 animumanimum
529 5243 558 5298 ia
570 5239 814 5313 Gulitoeom(llnre.
826 5256 847 5308 r,
859 5238 914 5313 ll).
927 5239 981 5296 Lu·
1031 5248 1196 5307 narrantem,
1212 5242 1284 5300 dicta
1293 5258 1359 5301 vero
1372 5243 1442 5314 ejus,
1456 5260 1489 5301 ea
1500 5250 1651 5318 praesertim
1661 5265 1721 5320 quae
1734 5251 1825 5310 Trini-

185 5348 232 5390 eas
243 5348 309 5390 vero
321 5332 415 5399 etiam,
426 5332 584 5404 priusquam
595 5332 706 5404 incipiat
716 5331 818 5403 aliquid
830 5332 864 5388 de
874 5332 981 5388 actibus
1030 5331 1094 5387 tatis
1105 5333 1237 5389 unitatem
1250 5340 1279 5389 et
1288 5334 1350 5391 sitm
1357 5344 1466 5393 aeternae
1480 5335 1636 5395 felicitatem
1644 5339 1824 5411 insinuarent,

186 5429 373 5497 reterrelasu,
383 5430 451 5486 dixit
463 5448 470 5485 ε
483 5428 554 5496 Quin
564 5429 660 5500 adjecit
670 5428 788 5486 Herodes
799 5445 880 5501 super
891 5429 981 5484 omnin
1029 5422 1186 5494 diligentins
1197 5432 1226 5481 et
1239 5424 1350 5483 uberius
1365 5427 1591 5498 conscribentem,
1604 5431 1634 5487 in
1646 5432 1746 5490 rirtme
1759 5449 1825 5491 eon·

185 5520 362 5595 matulo,
388 5534 590 5593 magenerus,
609 5529 634 5574 et
652 5518 779 5576 conclusit
800 5521 932 5577 ioannem
952 5522 981 5577 ia
1032 5515 1189 5585 templatim
1214 5518 1447 5587 commendanda,
1491 5536 1569 5578 suam
1593 5525 1823 5583 redundationem

185 5628 290 5668 carcere
300 5610 377 5683 (lac.
388 5629 431 5679 ιιι,
441 5611 586 5684 idionis,
598 5611 719 5681 inquam,
732 5611 767 5667 ab
779 5611 823 5667 his
836 5612 895 5670 haec
907 5613 981 5669 vide-
1032 5605 1110 5680 [Μιιι
1135 5609 1326 5685 intentionem]
1347 5618 1429 5683 atque
1449 5612 1668 5685 predicauonem
1691 5618 1823 5675 mantne.

186 5703 286 5758 barrtnr
303 5702 415 5769 omissa,
427 5710 539 5775 rogatus
551 5700 651 5756 dicitnr
663 5695 781 5755 loannes
791 5699 936 5772 Apostolus
950 5712 979 5759 ιιι
1031 5703 1084 5760 lstc
1095 5712 1137 5760 est
1147 5703 1280 5776 siqnidem
1289 5701 1417 5774 loannes,
1433 5721 1545 5764 unusex
1556 5709 1695 5783 discipulis
1708 5708 1822 5775 christi,
