4075 6192
194 337 248 403 ΝΒ
602 329 806 390 extiterint.
826 364 861 373 -
879 331 1057 391 COMMENT.
1077 332 1110 389 ΙΝ
1130 331 1226 390 ΙΟΑΝ.
1246 363 1280 372 -
1299 331 1362 388 le.
1383 331 1415 386 Vl
1769 331 1821 389 ete

194 450 289 509 sistit:
305 445 353 505 sed
371 443 460 515 malus
483 443 527 501 lais
550 445 688 511 ebaritas,
703 443 766 515 quia
786 458 839 500 non
854 445 984 516 preterit,
999 446 1022 504 Α
1038 444 1103 500 tatis
1125 444 1309 511 dulcedinem,
1335 446 1412 516 quasi
1436 445 1508 515 patri
1530 444 1639 500 serviat.
1663 443 1711 499 l'oa
1735 456 1822 499 nerem

195 540 243 597 red
255 545 407 609 permanet.
431 533 481 591 llic
493 531 596 604 incipit,
612 534 660 590 sed
677 534 733 590 illie
746 533 921 606 perlicietur,
936 534 982 589 ubi
1033 536 1089 591 diri
1104 539 1213 603 amicos,
1228 546 1290 608 quta
1305 553 1393 591 omnio
1415 551 1575 608 quaternae
1600 536 1718 590 radicis
1742 533 1823 589 l'atre

194 637 346 704 permanes
364 646 374 679 r
388 625 445 683 lloc
457 640 521 698 erge
534 633 698 697 praeceptum
711 623 817 680 llomlni
831 632 982 689 teneamus,
1032 643 1107 692 ineo,
1128 637 1189 682 noto
1203 627 1254 697 [eci
1266 626 1347 682 uobis.
1361 626 1426 695 Quae
1438 634 1500 681 sunt
1514 626 1604 681 omnia
1620 641 1680 695 quae
1692 627 1820 682 audivita

195 733 226 779 ut
239 736 288 777 nos
299 720 415 776 invicem
428 717 581 789 diligamus,
596 727 624 773 et
636 716 676 773 sie
687 715 816 786 quidquid
830 714 902 770 aliud
916 730 984 786 prae·
1033 715 1114 769 Patre
1138 732 1197 781 suo,
1211 731 1271 786 quae
1292 725 1355 772 ricta
1370 716 1429 772 lieri
1451 716 1536 772 voluit
1547 716 1633 771 servis
1648 716 1718 779 suis,
1734 724 1762 770 ut
1776 729 1824 771 cos

196 810 278 881 oepit,
292 809 438 875 iaciemus;
457 807 584 877 quoniam
596 807 726 876 quidquid
744 813 787 861 est
798 804 885 871 aliud,
899 804 983 860 habe·
1034 802 1177 870 perliceret
1187 805 1289 859 amicos
1306 820 1380 871 suos,
1395 806 1446 860 nisi
1461 807 1558 876 gaudia
1581 806 1695 861 internae
1707 806 1825 861 ebarita-

196 918 268 960 utus.
286 922 295 955 ι
312 899 398 970 liujus
409 900 560 956 dilectionis
573 900 601 954 in
616 900 705 969 seipso
726 898 879 970 exemplum
891 907 983 952 osten·
1035 898 1081 959 tis,
1095 895 1146 948 nisi
1159 894 1203 948 illa
1221 894 1290 948 lesia
1303 909 1426 964 supernae
1445 896 1558 966 patriae,
1572 910 1633 964 quae
1644 896 1744 952 nostris
1754 911 1822 965 quo·

197 992 247 1057 dit,
259 998 287 1048 et
296 991 357 1046 ideo
371 990 509 1061 subiunxit
523 1007 531 1042 ι
546 988 581 1044 lit
590 988 707 1061 diligatis
722 989 841 1053 inuicem,
856 989 924 1043 sicut
938 1005 984 1060 ego
1036 987 1100 1040 tidie
1110 984 1299 1055 mentibusper
1310 985 1502 1053 aspirationem
1515 985 1555 1039 sui
1568 985 1667 1039 amoris
1677 985 1825 1057 imprimit?

197 1079 278 1136 dilexi
292 1095 346 1135 eos.
364 1078 400 1136 lit
413 1077 478 1149 quid
501 1078 574 1134 enirn
589 1093 638 1133 nos
661 1078 757 1134 dilexit
771 1076 913 1144 Christus,
932 1077 984 1133 nisi
1036 1075 1090 1131 Sed
1109 1076 1166 1129 bace
1184 1075 1319 1145 cognitio,
1344 1089 1404 1143 qua
1427 1089 1497 1128 nune
1515 1081 1639 1142 exparte
1655 1074 1777 1148 prolicit,
1796 1076 1823 1128 in

197 1178 228 1226 at
237 1169 373 1243 possimus
386 1181 501 1239 regnare
517 1181 579 1222 curu
591 1164 720 1222 Christo?
744 1165 785 1221 nd
797 1167 849 1221 boc
863 1181 912 1221 nos
926 1165 985 1220 dili·
1037 1166 1081 1221 ilia
1097 1166 1263 1238 plenitudine
1277 1168 1397 1221 scientim
1413 1165 1577 1236 perficietur,
1591 1165 1625 1220 de
1644 1180 1698 1235 qun
1711 1151 1825 1236 'Aposto-

197 1278 262 1337 gere
275 1262 413 1326 debemus,
427 1268 457 1315 ut
468 1258 616 1315 babeamus
630 1258 725 1326 lieurm
749 1269 777 1314 et
790 1275 947 1315 maneamus
958 1259 986 1314 ln
1036 1256 1078 1312 lus
1090 1257 1147 1311 ait:
1162 1256 1227 1311 Cum
1238 1265 1326 1312 antem
1337 1258 1435 1311 uenerit
1452 1257 1523 1328 guod
1535 1257 1676 1328 perfectum
1698 1265 1751 1322 ert,
1766 1273 1826 1311 eea-

198 1353 271 1420 ⁰0⁰3
299 1352 393 1418 etsie,
421 1351 467 1421 qul
498 1365 527 1405 se
545 1349 677 1421 diligunt,
703 1348 788 1405 Mum
813 1349 935 1420 diligunt.
952 1347 986 1403 Et
1037 1345 1159 1402 cantino
1185 1347 1255 1420 quod
1275 1357 1395 1419 exparte
1418 1357 1455 1401 est
1478 1346 1504 1419 (l
1518 1346 1579 1402 Cor.
1600 1363 1660 1414 xrrr,
1686 1347 1742 1422 to).
1768 1346 1826 1403 lloe

198 1442 257 1499 baee
269 1449 312 1499 est
324 1439 443 1508 dileetio,
468 1454 522 1512 qua
543 1437 574 1494 lit
586 1437 657 1494 Deus
677 1436 768 1493 omnia
795 1436 823 1492 in
849 1436 984 1492 omnibus.
1037 1437 1109 1492 errbn
1122 1437 1250 1493 Dominus
1263 1437 1403 1508 discipulis
1415 1453 1445 1493 se
1459 1435 1555 1493 iecisse
1567 1439 1650 1505 dixit,
1676 1439 1746 1510 quod
1764 1454 1825 1494 enm

200 1535 351 1608 &grimm
1038 1525 1173 1583 iacturum
1184 1542 1245 1584 esse
1257 1529 1368 1585 sciebat.

232 1626 317 1700 606
332 1626 409 1680 lens.
425 1626 467 1680 lb.
481 1655 517 1667 -
532 1624 662 1697 liniarem
674 1624 724 1678 bac
737 1621 902 1678 dilectionem
913 1636 986 1676 nemo
1073 1616 1155 1673 vens.
1168 1617 1211 1672 lb.
1223 1617 1329 1674 -Non
1339 1636 1384 1675 ooe
1396 1637 1436 1675 me
1446 1619 1569 1691 elegistis,
1580 1621 1625 1676 sed
1637 1637 1683 1693 ego
1694 1621 1758 1694 elegi
1771 1638 1827 1678 roa.

198 1715 284 1780 babet,
299 1732 378 1789 want
392 1725 420 1771 ut
434 1716 550 1771 oninium
568 1732 643 1771 ruam
664 1723 743 1787 ponat
757 1716 814 1788 pois
831 1730 880 1785 pro
895 1714 987 1767 enticis
1039 1706 1102 1763 ltaec
1116 1715 1158 1763 cst
1173 1706 1316 1765 inellabilis
1334 1708 1402 1782 [Al.,
1414 1709 1539 1783 affabilis]
1552 1713 1639 1781 gratia
1652 1728 1828 1784 qureprtere·

199 1807 265 1862 seir.
280 1806 349 1873 Quid
368 1806 493 1876 estquod
508 1805 638 1862 [lentitius
655 1815 748 1862 noster
767 1805 847 1862 lesus
865 1804 988 1862 Christus
1005 1792 1080 1852 Βιιῐῐ
1096 1813 1155 1864 ¹¹0⁸,
1170 1806 1201 1853 ut
1214 1798 1299 1855 Simus
1311 1799 1392 1855 amici
1402 1815 1437 1855 ιι
1448 1801 1544 1856 servis·
1555 1801 1671 1871 ideoque
1684 1803 1763 1858 uobis
1774 1818 1830 1859 non

201 1895 282 1952 toties
298 1894 441 1952 eharitatis
457 1904 593 1968 praecepta
612 1897 739 1962 iteravit,
760 1896 812 1952 nlsi
827 1896 890 1968 quia
907 1910 988 1951 omne
1039 1888 1167 1959 subrepat
1180 1889 1323 1959 superbia,
1337 1890 1412 1960 qnasi
1424 1905 1475 1963 pro
1490 1891 1588 1946 rostris
1609 1891 1713 1946 meritis
1728 1892 1827 1961 aliquid

199 1997 366 2059 preceptum
384 1997 413 2043 et
436 1991 516 2043 onin'e
534 2003 603 2059 opus
620 1988 720 2044 bonum
735 1989 761 2043 in
776 1987 832 2044 stila
855 1988 988 2044 charitate
1039 1980 1244 2052 acceperimus.
1266 1981 1330 2036 dum
1345 1981 1394 2036 llll?
1408 1981 1455 2037 ’τιτι
1468 1980 1578 2037 minus.
1591 1981 1669 2038 Nunc
1681 1991 1772 2039 aulem
1785 1982 1829 2038 Pl·

199 2076 348 2133 solidator?
375 2093 384 2128 r
402 2076 566 2150 ⁸Prreeepta
578 2093 644 2151 ergo
666 2078 827 2145 Dominica,
855 2087 884 2135 et
904 2079 988 2134 multa
1039 2075 1068 2130 lii
1083 2074 1131 2130 Dei
1151 2077 1323 2148 pergratiam
1334 2074 1422 2134 effecti
1436 2092 1539 2143 sumus,
1552 2078 1610 2132 sine
1627 2093 1679 2150 aaa
1691 2079 1832 2150 mliiipos·

200 2181 264 2229 suut
277 2180 305 2229 et
316 2188 400 2227 unum
415 2185 423 2227 a
448 2172 531 2229 multa
550 2182 613 2229 sunt
626 2189 676 2244 per
688 2174 874 2230 diversitatem
887 2175 987 2247 operis,
1040 2183 1134 2224 sumus
1148 2168 1248 2233 facem,
1262 2176 1293 2224 ul
1307 2170 1386 2241 paulo
1399 2178 1463 2226 ante
1479 2173 1537 2241 ipsu
1554 2171 1663 2228 Veritus
1683 2175 1722 2229 ait
1744 2193 1750 2228 :
1767 2174 1830 2230 Sine

200 2278 285 2318 unum
300 2263 327 2318 in
344 2263 436 2319 radice
456 2263 616 2320 dilectionis.
632 2263 707 2320 lianc
724 2266 816 2335 itaque
829 2266 988 2321 charitatem
1040 2273 1080 2310 ²¹¹2
1093 2256 1157 2311 ’1ῖῆῑῖ
1167 2260 1274 2329 imam
1284 2260 1379 2329 lame·
1393 2260 1512 2333 filimi
1527 2280 1586 2332 ¹¹⁰³·
1598 2274 1627 2318 ¹¹¹
1643 2267 1719 2332 entis,
1735 2265 1788 2337 ³⁸!
1811 2285 1831 2306 ’-

200 2354 335 2409 veraciter
346 2354 437 2416 liabet,
450 2354 497 2425 qiri
509 2361 536 2409 et
551 2355 666 2410 amicum
679 2355 766 2426 diligit
779 2356 806 2409 in
821 2354 885 2419 Deo,
902 2364 929 2409 et
942 2356 989 2409 ini·
1040 2356 1109 2400 etum
1123 2349 1250 2418 offeratis.
1270 2352 1307 2401 ab
1322 2352 1400 2406 ltosui
1414 2351 1447 2407 ad
1467 2355 1592 2425 gratiam,
1608 2356 1727 2425 llssnlal'l
1742 2367 1772 2414 1¹¹
1784 2374 1831 2414 tt·-

200 2446 300 2504 meeum
315 2447 401 2522 pingia
412 2455 522 2518 propiet
535 2446 630 2500 Deum,
645 2444 707 2501 {1100
719 2445 859 2516 subjungi
883 2464 889 2499 :
916 2442 990 2500 Sicut
1042 2435 1077 2491 tis
1091 2436 1226 2502 volendo,
1250 2438 1353 2496 tructus
1374 2440 1493 2496 alienatis
1507 2446 1653 2513 operando.
1673 2447 1746 2503 Eatis
1758 2450 1829 2506 enim

200 2552 248 2614 epo
261 2536 343 2602 dilexi
355 2554 410 2606 oor,
422 2539 449 2595 id
461 2546 513 2603 est,
529 2538 562 2594 ad
577 2537 628 2593 ltoc
639 2546 745 2601 amate,
760 2536 794 2591 ad
809 2536 880 2606 quod
900 2536 989 2590 amani
1041 2526 1154 2582 volendo
1165 2527 1231 2591 dixi,
1243 2530 1306 2597 qrria
1321 2529 1389 2585 velle
1400 2531 1500 2601 aliquid
1509 2531 1608 2599 lacere,
1617 2534 1674 2604 jam
1687 2546 1779 2592 mente
1791 2538 1831 2593 ire

200 2642 282 2688 ros.»
300 2627 376 2685 Unde
388 2634 416 2683 ct
442 2627 468 2682 in
484 2642 564 2683 emec
575 2627 679 2699 positus
701 2626 789 2683 orarit
803 2640 852 2698 pro
874 2619 991 2680 lnirnlels
1041 2627 1092 2674 est.
1107 2618 1217 2694 Qualem
1234 2638 1297 2677 cero
1308 2623 1424 2679 iruetnm
1439 2623 1536 2682 allerre
1549 2625 1672 2691 debeant,
1693 2629 1831 2688 subdendo

201 2719 260 2775 suis
273 2719 366 2775 dicens
390 2736 397 2773 a
426 2715 518 2784 Pater,
540 2720 644 2789 ignosce
668 2715 720 2771 illis
742 2715 817 2788 (Luc.
839 2730 919 2780 rxnt,
933 2713 989 2784 bl).
1041 2712 1195 2770 manifestat
1210 2734 1217 2768 ε
1232 2714 1267 2769 lit
1280 2715 1381 2788 [nectua
1394 2726 1477 2773 uerter
1491 2729 1604 2783 moneat,
1621 2732 1647 2774 ut
1659 2721 1831 2796 quodeunque

202 2806 332 2878 liniarem
344 2807 394 2861 laer
413 2805 576 2862 dilectionem
590 2822 663 2860 nemo
678 2804 763 2869 babet,
784 2820 864 2875 quom
878 2813 907 2858 ut
934 2804 993 2857 oni·
1041 2804 1167 2873 petieritis
1184 2802 1291 2860 Patrem
1306 2808 1451 2864 innomine
1472 2826 1540 2875 ouo,
1555 2810 1711 2868 detrudis.»
1728 2813 1831 2873 Nomen

202 2911 273 2951 raom
290 2912 366 2951 auem
379 2904 460 2967 pono
473 2897 531 2968 quir
545 2912 591 2966 pro
606 2896 697 2950 amicis
707 2895 772 2950 auis.
786 2891 816 2950 ln
829 2894 880 2950 boc
891 2892 992 2950 Christi
1043 2895 1100 2961 lilii,
1116 2895 1196 2952 lesus
1205 2905 1265 2965 est;
1285 2896 1364 2956 lesus
1374 2909 1464 2955 summ
1478 2901 1603 2959 Salvator
1613 2904 1654 2962 rel
1666 2905 1748 2962 etiam
1759 2906 1831 2963 salu-

202 2985 312 3042 drlectio
332 2987 516 3057 supereminet
530 2987 557 3041 in
572 3000 641 3051 nos,
657 2985 721 3056 qrria
739 2985 814 3041 uenit
833 2993 863 3040 ut
874 2985 992 3038 animam
1043 2985 1109 3040 taris
1123 2984 1231 3041 dieitur.
1246 2985 1292 3041 ille
1305 3002 1370 3060 ergo
1381 2988 1524 3045 innomine
1534 2990 1685 3050 Salvatoris
1692 2995 1770 3067 petit,
1785 2997 1831 3066 qui

203 3089 280 3132 suam
292 3083 406 3145 poneret
418 3090 468 3147 pro
482 3074 599 3130 inimicis
616 3073 689 3140 suis;
704 3073 738 3129 ad
751 3073 803 3130 boc
818 3080 906 3127 tamen
917 3081 947 3126 ut
958 3086 992 3126 es
1044 3073 1258 3146 illudpetitquod
1270 3074 1303 3130 ad
1315 3092 1407 3133 reram
1421 3078 1534 3138 salutem
1550 3081 1679 3152 pertinet:
1693 3099 1755 3139 nam
1769 3086 1791 3140 si
1804 3084 1832 3141 id

203 3165 322 3222 inimicis
336 3165 438 3222 laceret
450 3166 563 3222 amicos.
578 3164 632 3221 Sed
645 3180 699 3221 non
710 3165 829 3220 omnium
839 3171 992 3234 estmarty-
1006 3135 1029 3197 C
1045 3165 1116 3240 guod
1139 3181 1192 3220 non
1216 3167 1340 3241 expediat
1362 3169 1495 3243 petimus,
1522 3187 1575 3225 non
1600 3172 1627 3226 in
1647 3175 1755 3230 nomine
1769 3172 1831 3230 lesu

204 3254 286 3320 rium,
299 3261 389 3311 tamen
404 3256 525 3311 omniurn
538 3254 699 3311 beneticium
722 3262 765 3310 est
781 3254 808 3314 in
821 3251 928 3308 iratres.
942 3252 993 3328 Qul
1044 3254 1169 3329 petimus.

204 3360 271 3403 vero
284 3348 462 3412 substantiam
477 3361 553 3402 snam
576 3345 654 3402 tratri
677 3346 705 3401 in
725 3347 885 3404 necessitate
906 3346 992 3417 posito
1250 3375 1332 3448 ⁶⁰7
1352 3378 1465 3435 CAPUT
1485 3378 1616 3434 xxxm-

205 3453 259 3494 non
273 3438 377 3506 tribuit,
392 3438 526 3509 quomodo
539 3437 658 3493 animam
674 3451 750 3492 suam
763 3437 790 3493 in
805 3438 993 3508 [ιιιδθθῑῑῑῑοῃο
1044 3481 1170 3538 Ermdcm
1184 3485 1349 3542 dilectionem
1358 3488 1500 3542 instantior
1513 3488 1706 3555 commendans,
1719 3501 1834 3547 contem·

205 3528 369 3588 daturusest
382 3546 432 3602 pro
444 3529 529 3587 fratre
541 3532 608 3587 suo?
624 3531 718 3588 Virtus
728 3547 792 3589 rero
809 3532 889 3604 bajus
903 3531 993 3588 chari·
1079 3555 1193 3609 „endum
1207 3555 1371 3610 ,1225ng
1383 3556 1484 3609 mnndi.
1494 3553 1645 3612 mmm
1655 3575 1757 3632 ww
1769 3577 1834 3634 qm-

206 3621 272 3677 tatis
281 3630 331 3688 est,
349 3623 376 3678 in
389 3638 457 3693 paee
469 3638 516 3680 sua
536 3623 697 3684 distribuere
711 3640 761 3697 pro
773 3623 873 3682 Christi
888 3640 992 3688 amore,
1080 3621 1115 3676 lin
1125 3640 1173 3694 pro
1184 3623 1242 3678 e'ns
1254 3624 1356 3677 raonrine
1367 3625 1420 3678 sint
1431 3625 1544 3694 perrari,
1553 3630 1748 3698 etrigaendum
1758 3648 1835 3687 men·

205 3718 237 3768 et
244 3713 361 3783 possitin
368 3715 569 3786 perturbatione
577 3715 694 3788 seipsum
707 3717 815 3773 tradere
824 3732 873 3787 pro
886 3716 994 3772 nomine
1079 3691 1168 3773 (ΨΜ
1198 3690 1314 3771 fimum
1324 3690 1357 3746 ἡ
1366 3703 1481 3764 pumma
1489 3705 1513 3749 θ’
1520 3694 1630 3766 (19Μὲ
1635 3699 1708 3768 ''aa“
1718 3700 1751 3760 ‘st
1758 3701 1834 3774 Μ·

205 3802 275 3875 eius.
293 3802 385 3877 (lens.
398 3803 454 3876 tl.)
473 3803 526 3860 Vos
539 3806 618 3861 antici
637 3807 688 3861 nrei
711 3807 783 3872 eatis,
797 3806 820 3859 ai
836 3805 948 3873 feceritis
963 3821 994 3857 eo
1080 3775 1121 3813 ⁰¹⁰
1132 3760 1293 3829 msam
1413 3867 1418 3876 ¹

206 3911 265 3968 qne
277 3912 324 3966 ego
336 3897 460 3968 pr·‹eeipio
472 3895 553 3951 vobis.
568 3896 663 3967 lingna
677 3903 719 3951 est
741 3896 859 3967 dignitas
877 3896 994 3951 amicum
1080 3893 1163 3951 lens.
1174 3895 1257 3951 l'l.-
1267 3894 1332 3952 llere
1343 3898 1439 3954 mendo
1452 3901 1534 3967 eobo,
1548 3913 1576 3957 ut
1585 3903 1704 3974 diligatis
1714 3907 1831 3963 inuicem.

206 3996 269 4037 esse
281 3981 339 4036 liei.
354 3981 408 4037 Sed
421 3981 565 4044 videndum
577 3992 620 4039 est
630 3985 730 4054 quibus
740 3984 912 4055 gradibusad
923 3985 995 4041 lanne
1048 4004 1058 4036 r
1074 3986 1195 4042 calerino
1214 3988 1305 4058 itaque
1317 3989 1446 4061 magister
1461 3992 1548 4049 bonus
1566 3993 1735 4052 dilectionem
1750 3997 1833 4054 disei-

208 4070 396 4131 celsitudinem
408 4074 589 4143 perveniatur.
605 4074 749 4150 Subiungit
764 4093 770 4129 :
787 4073 816 4132 Sl
831 4077 944 4147 feceritis
963 4095 995 4132 ee
1045 4076 1116 4146 palis
1125 4076 1164 4132 sie
1170 4092 1241 4149 saepe
1251 4080 1431 4147 commendat,
1445 4092 1572 4153 tanquam
1586 4084 1641 4140 sola
1655 4086 1833 4158 praecipienda
1848 4132 1852 4138 .

208 4178 268 4245 gaer
279 4179 326 4233 epo
340 4163 462 4235 precipio
475 4163 555 4221 vobis.
566 4164 605 4224 de
619 4167 641 4222 si
656 4174 749 4236 aperte
759 4167 832 4223 dieat
846 4185 853 4222 ε
868 4166 996 4224 Gaudetis
1046 4167 1091 4233 sit,
1104 4167 1163 4223 sine
1177 4184 1229 4238 qua
1243 4185 1295 4225 non
1310 4181 1423 4240 possunt
1445 4176 1572 4244 prodesse
1583 4185 1681 4233 caetera
1694 4178 1780 4245 bona,
1806 4190 1830 4236 ct

208 4252 244 4309 de
255 4252 384 4320 culmine,
395 4263 506 4326 pensate
520 4256 617 4332 quibus
627 4257 765 4314 laboribus
777 4259 884 4315 venitur
894 4261 928 4317 ad
939 4262 996 4317 cul·
1046 4271 1106 4326 qua)
1131 4271 1184 4312 non
1200 4267 1289 4328 potest
1304 4260 1396 4317 haberi
1423 4263 1481 4319 sine
1505 4267 1611 4322 caeoeris
1633 4269 1711 4325 bonis
1737 4272 1834 4349 quibui

209 4359 281 4402 men.
294 4343 389 4417 llagna
401 4354 445 4402 est
458 4346 643 4403 misericordia
656 4348 792 4420 largitoris
806 4349 890 4405 nostri
905 4368 911 4403 :
924 4351 994 4405 servi
1046 4346 1126 4401 homo
1144 4346 1259 4404 eflicitur
1271 4350 1367 4405 bonus.
1387 4352 1415 4406 ln
1437 4351 1503 4426 [Al.,
1517 4355 1581 4429 Pro]
1596 4357 1647 4413 hnc
1660 4370 1751 4420 aurem
1768 4363 1834 4421 (ιιι).

210 4452 263 4501 non
276 4435 375 4498 fuimus
387 4437 471 4509 digni,
480 4446 508 4493 et
516 4439 595 4495 amici
607 4455 745 4496 venamur.
757 4439 819 4496 ideo
830 4439 896 4513 [dl.
906 4439 993 4514 Unde]
1046 4438 1154 4502 ctione,
1173 4440 1308 4509 patienter
1321 4442 1448 4499 debemus
1470 4460 1519 4515 pro
1534 4446 1647 4509 bonno
1660 4451 1752 4512 mundi
1772 4455 1832 4511 odia

210 4525 348 4598 strbjungit
363 4545 369 4581 :
386 4525 478 4599 (Vens.
494 4527 537 4598 td)
553 4526 680 4584 lemnon
695 4529 754 4584 dico
765 4547 810 4585 eos
820 4547 918 4595 remos,
933 4531 995 4601 qnia
1047 4531 1190 4586 sustinere.
1208 4530 1322 4587 Necesse
1334 4534 1456 4594 estenim
1473 4544 1503 4594 ut
1517 4553 1567 4594 nos
1582 4540 1678 4606 oderit,
1693 4558 1761 4613 quos
1775 4559 1834 4601 cer.

210 4633 298 4673 reruus
313 4616 394 4671 nescit
403 4612 466 4689 qaid
481 4616 563 4684 [neiat
576 4616 697 4674 dominus
711 4618 778 4690 eina
790 4618 869 4676 Aliud
883 4629 925 4677 est
935 4637 994 4678 ser-
1047 4621 1087 4675 nit
1101 4621 1170 4676 nolle
1182 4637 1273 4677 amare
1286 4624 1356 4694 quod
1370 4625 1470 4695 diligit..
1482 4626 1534 4686 Sed
1552 4645 1606 4686 non
1625 4648 1719 4703 pamm
1738 4621 1791 4693 'nos
1802 4639 1835 4692 de

211 4705 307 4762 vitium
319 4706 434 4770 timoris,
450 4705 520 4762 aliud
533 4708 649 4774 amoris;
665 4723 725 4777 quae
737 4707 812 4783 [duo]
828 4726 926 4783 genera
938 4712 995 4782 ipsa
1047 4714 1135 4786 seipso
1148 4714 1448 4786 dominusconsolntur,
1462 4721 1507 4789 qui
1519 4737 1580 4777 eum
1588 4723 1721 4786 dirimet:
1738 4728 1832 4801 (Vens.

212 4795 358 4852 Veritasin
371 4796 423 4851 boc
446 4795 539 4851 eodem
556 4795 701 4869 Evangelio
714 4798 858 4869 exprimit,
881 4800 994 4856 dicens:
1048 4800 1092 4875 18)
1107 4801 1171 4867 llice
1195 4804 1291 4862 mondo
1305 4806 1375 4862 nobie
1401 4818 1430 4864 at
1452 4808 1568 4882 diligetis
1593 4813 1713 4882 latricem,
1737 4817 1835 4886 adjecit

212 4885 310 4943 aaran
324 4904 375 4942 non
387 4897 473 4942 amaret
485 4887 513 4941 in
535 4886 613 4943 domo
626 4889 655 4943 in
673 4898 809 4953 eternam,
824 4886 897 4956 filias
909 4900 996 4952 notent
1048 4901 1129 4974 atque
1147 4895 1205 4950 ait:
1220 4893 1252 4952 Si
1271 4897 1384 4952 ιιιιιιιιιιιι
1397 4915 1442 4953 ιω
1456 4883 1521 4966 odit,
1536 4904 1627 4961 scitote
1637 4905 1699 4975 poio
1712 4924 1752 4961 me
1763 4909 1836 4978 prio·

212 4984 299 5031 mena
314 4973 403 5048 (leon.
419 4976 550 5049 v111,55).
575 4975 659 5033 Filius
670 4992 735 5032 vero
749 4977 834 5033 servit
850 4977 921 5054 patri
934 4992 997 5047 pro.-
1048 5000 1102 5038 rem
1124 4986 1195 5041 nobis
1209 4987 1269 5043 odio
1282 4988 1383 5044 babuit.
1403 5011 1413 5044 r
1442 4991 1500 5050 Nou
1526 5003 1568 5050 cst
1593 4996 1740 5068 discipulus
1754 5016 1835 5076 super

212 5070 273 5135 pter
286 5079 416 5131 amorem,
440 5082 534 5123 servus
558 5074 648 5122 autem
672 5076 783 5143 propter
805 5068 940 5123 umorem.
959 5068 997 5123 lle
1049 5073 1216 5142 magistrum,
1228 5077 1619 5152 adhereantcapitirnembra3
1632 5088 1742 5157 utquod
1754 5104 1836 5160 eapm

213 5171 268 5228 quo
279 5157 390 5215 servitio
401 5158 481 5213 modo
493 5158 623 5215 llominus
632 5157 721 5223 dixit:
741 5156 868 5221 lemnon
883 5156 941 5210 dico
954 5171 997 5211 eor
1049 5162 1202 5238 patiebatur
1215 5167 1300 5235 prius,
1317 5169 1436 5231 membra
1451 5172 1506 5248 pati
1521 5187 1574 5229 non
1589 5187 1724 5236 recusent.
1740 5177 1832 5252 (liras.

212 5264 311 5313 remor,
340 5248 386 5303 sed
411 5247 525 5313 amieos,
549 5249 611 5332 guia
641 5247 710 5314 lllii,
727 5263 780 5304 non
794 5247 881 5311 servi,
897 5246 958 5302 ideo
972 5254 1000 5302 et
1052 5253 1106 5325 19.)
1121 5253 1408 5326 Sraemgndoemm‚
1424 5263 1620 5338 „mmmm
1632 5285 1710 5328 mm
1724 5280 1781 5327 mg
1794 5272 1836 5327 gg,

213 5339 305 5395 amici.
322 5337 391 5404 Quin
401 5353 490 5392 servos
503 5339 583 5401 nexit
599 5340 661 5409 quid
674 5338 754 5410 faeni
766 5339 887 5393 deminus
899 5336 996 5412 [ejecit
1052 5344 1150 5415 tigerat.
1165 5346 1249 5403 Aliter
1270 5351 1342 5406 enim
1367 5354 1488 5414 mundus,
1507 5357 1665 5430 intelligitur
1677 5362 1704 5418 io
1719 5366 1833 5435 sanctis,

213 5423 304 5481 Nescit
323 5426 394 5482 enim
408 5423 572 5480 voluntatem
586 5423 685 5480 domini
700 5427 753 5492 sui,
773 5426 818 5498 qui
833 5441 882 5498 per
894 5426 998 5482 timoris
1051 5434 1164 5490 nlicerin
1175 5440 1376 5508 peccatoribrrs;
1389 5442 1741 5520 aliterquidiliguntllcum,
1753 5464 1834 5529 atque

214 5516 420 5573 uutatlludlneffl
433 5514 516 5570 servii
536 5513 644 5570 domino
655 5530 722 5582 ⁵¹¹⁰,
743 5527 770 5573 01
783 5534 835 5573 non
851 5533 898 5599 ptr
910 5518 998 5579 tlt-'llic
1051 5527 1129 5583 aliter
1139 5528 1183 5599 qui
1205 5528 1316 5599 diligunt
1329 5533 1379 5586 boe
1392 5536 1529 5590 seculum.
1549 5558 1557 5587 r
1573 5539 1637 5596 Nam
1651 5547 1742 5601 tnuorli
1756 5546 1835 5615 bnjns

249 5645 261 5670 '¹
279 5631 315 5712 E}
330 5628 419 5702 Gildo
436 5634 510 5686 ¹¹0⁰i·
522 5629 568 5713 27·
581 5645 654 5686 ⁰⁰¹⁰·
670 5628 694 5693 ἱ,
705 5629 731 5682 9·
1091 5646 1101 5666 ‘
1119 5640 1156 5694 Er
1182 5640 1210 5695 S.
1227 5640 1306 5712 Aug,
1320 5652 1397 5698 tract.
1413 5663 1530 5716 cassin,
1544 5668 1618 5707 annm.
1631 5655 1657 5708 5.

252 5702 264 5739 ¹¹
280 5701 316 5754 br
329 5700 431 5767 collem,
445 5700 495 5755 loc.
513 5709 572 5767 avt,
585 5714 657 5754 num.
671 5699 696 5752 5.
