4075 6192
267 286 321 345 aar
698 276 729 332 a.
749 275 780 332 r.
801 273 912 329 suum
933 272 998 330 ssu
1014 268 1155 327 aucum
1172 269 1315 328 orauurt
1335 261 1470 328 rausa.
1857 269 1917 328 m

267 395 397 474 poralitcr
409 391 547 462 accepisse
559 388 593 444 de
606 394 706 453 matre,
719 384 767 442 sed
789 384 969 441 :eternitatem
993 395 1064 437 sem-
1077 382 1104 444 Α
1116 378 1195 434 nistri
1209 379 1356 452 pmphctm,
1367 377 1491 433 modode
1511 377 1592 433 Patre
1603 386 1707 432 tantum
1720 377 1872 447 loquuntur
1884 390 1916 436 et

268 461 317 562 per
333 477 604 540 hahuissedel’atre.
620 473 891 545 potentiamque,
907 482 932 529 et
956 471 1062 536 tihiert,
1113 467 1192 534 Filio,
1207 476 1237 523 ιιι
1248 476 1290 524 est
1299 467 1380 523 illud:
1397 465 1492 523 Omnia
1516 467 1542 522 ia
1563 468 1692 538 sapientia
1709 468 1795 539 secati
1819 465 1910 538 (Psn'l.

269 575 387 633 rrrutiert
407 569 534 628 Nondum
547 571 615 625 acuit
640 569 706 623 horn
732 584 800 624 neo.
825 565 895 634 Quid
920 561 1063 624 diuinitati,
1113 574 1173 626 crrr,
1187 557 1245 631 tt),
1258 556 1425 613 virtuscnim
1437 556 1484 611 Ilei
1497 565 1525 612 ct
1543 557 1675 630 sapientia
1696 556 1822 618 Christus
1846 570 1910 620 eat:

269 680 351 739 nquam
364 678 399 726 es
412 660 494 719 Patre
504 675 611 732 semper
621 658 714 724 habui,
727 671 789 713 eum
800 663 845 710 tua
856 666 947 715 came,
964 667 997 707 er
1010 664 1064 721 qua
1110 651 1195 707 modo
1209 651 1291 706 etiam
1305 636 1423 722 Spiritus
1435 650 1521 705 sancti
1533 648 1638 706 iaciunt
1648 650 1823 718 mentionem,
1831 651 1909 720 iuxta

269 770 382 817 carnem
398 731 517 826 suscepi,
529 768 673 810 commune
685 752 747 809 estl
759 749 883 807 Nondum
904 746 978 804 seuit
997 745 1065 800 hora
1114 741 1181 797 illud
1195 741 1315 814 ejusdcm
1326 738 1546 811 Psalmoqraplri:
1563 737 1647 795 Verte
1662 739 1769 795 homini
1781 740 1840 797 enti
1859 743 1909 811 dn·

270 857 301 904 ιιι
318 845 492 917 fragilitatem
505 851 619 914 sumptae
634 858 667 900 cr
683 850 710 898 te
727 839 900 897 humanitatis
922 835 1063 893 moriendo
1116 835 1303 898 motiauat,et
1325 832 1420 902 spirita
1442 832 1496 887 oria
1524 832 1582 903 elur
1605 831 1688 886 omnis
1711 832 1792 887 cirtae
1816 847 1906 890 enm

271 940 465 1000 demomtrem.
477 933 609 992 l‘riusest
623 930 809 1005 utpotentiam
826 939 936 986 aeterna
957 927 1067 984 deitatis
1117 923 1204 999 (Paul.
1218 941 1306 991 xrrrr,
1318 924 1357 997 6).
1370 925 1499 992 Verbum,
1522 923 1662 991 Dominus,
1672 933 1701 981 et
1718 924 1843 997 Spiritus,
1863 931 1907 982 ιιι·-

272 1031 388 1096 virtutes
396 1025 534 1099 operando
546 1023 719 1097 patefaciam.
732 1023 829 1080 Veniet
841 1030 932 1077 autem
955 1020 1023 1075 hora
1036 1027 1067 1074 ιιι
1117 1025 1214 1087 tuaque
1228 1031 1298 1071 unus
1311 1016 1383 1071 Deus
1393 1026 1435 1071 est
1447 1015 1637 1088 intelligendus
1651 1017 1678 1072 in
1690 1017 1824 1074 Trinitate
1838 1016 1906 1092 [Ιι.

271 1115 344 1189 quod
360 1114 410 1171 sihi
421 1123 450 1170 et
462 1113 542 1182 matri
556 1128 699 1169 commone
712 1119 793 1180 essct,
818 1111 990 1174 ostenderet,
1005 1123 1067 1166 cum
1117 1117 1142 1163 et
1169 1106 1253 1171 Beda,
1278 1106 1407 1172 Verbum,
1433 1106 1585 1174 Dominum,
1611 1114 1639 1162 et
1662 1105 1793 1176 Spiritum
1815 1113 1908 1167 totam.

272 1203 333 1263 eam
347 1205 497 1262 moriturus
509 1205 536 1259 in
561 1219 642 1259 emec
656 1200 786 1273 discipulo
810 1197 907 1271 virgini
934 1198 1068 1270 uirginem
1118 1213 1179 1269 qua
1189 1213 1258 1253 unus
1270 1197 1341 1254 heus
1354 1204 1406 1262 est,
1421 1196 1541 1267 irrtelliqc
1554 1196 1736 1272 Trinitatem].
1750 1196 1805 1254 Sed
1825 1214 1909 1271 qum·

274 1293 465 1350 cornmoudare
475 1292 591 1348 curavit.
605 1291 702 1348 Carnis
714 1304 830 1362 namque
840 1288 948 1346 inhrma
958 1303 1069 1359 perpes-
1119 1298 1177 1344 tum
1192 1288 1262 1346 inter
1273 1303 1372 1360 aquam
1383 1296 1412 1343 et
1425 1288 1527 1354 tinum,
1549 1295 1651 1343 tantum
1670 1287 1752 1343 distat
1763 1287 1834 1343 inter
1846 1302 1908 1342 sen·

274 1399 332 1449 sus,
348 1390 473 1448 matrem,
492 1381 525 1437 de
536 1398 589 1452 qua
603 1381 660 1452 haec
671 1388 837 1454 susceperat,
858 1380 903 1450 pie
919 1377 1068 1450 cognitam,
1120 1396 1180 1437 sum
1193 1379 1493 1452 illumquoScrlpturae
1510 1387 1573 1437 aute
1592 1379 1739 1436 adventum
1763 1378 1910 1436 Salratorit

273 1474 372 1537 eidem,
388 1488 468 1543 quem
480 1473 595 1534 maxime
609 1471 752 1546 diligchat,
775 1469 906 1543 discipulo
932 1484 1070 1525 marmen—
1120 1468 1348 1542 intelligebantur,
1362 1476 1556 1540 etcumquem
1569 1468 1680 1525 realem
1702 1470 1759 1539 ipse
1783 1467 1911 1525 revelarit

275 1565 369 1620 davit:
384 1562 723 1637 quamdirinalacturm,
746 1563 822 1633 quasi
845 1560 1012 1632 incognitam
1039 1575 1069 1617 so
1120 1559 1249 1631 apostolis
1266 1575 1415 1631 eorumque
1437 1559 1577 1631 discipulis
1596 1569 1726 1632 perpetuo
1747 1551 1910 1632 sequendum

276 1672 358 1720 nosse
373 1655 535 1722 dissimulat,
547 1655 612 1740 quia
625 1653 790 1727 harem
809 1653 907 1710 divina
920 1652 1069 1712 natiuitatis
1121 1653 1239 1724 reliquit.
1254 1652 1289 1710 Et
1304 1651 1413 1726 quidem
1426 1651 1515 1724 potuit
1537 1651 1777 1712 hominusracuas
1803 1651 1913 1724 implere

275 1749 425 1807 auctricem
439 1762 493 1804 non
518 1763 578 1804 esse
607 1737 755 1819 coqrroscitss
774 1765 783 1799 ι
805 1743 891 1814 llujus
914 1759 979 1800 uero
1003 1742 1071 1817 [dl.,
1088 1744 1236 1818 nlrydrias
1252 1744 1332 1811 uino,
1346 1744 1392 1815 qui
1413 1742 1441 1798 in
1465 1742 1578 1799 exordio
1606 1743 1750 1800 nundum
1769 1744 1913 1801 creationis

276 1836 616 1913 erqo1lroraedomluusln
636 1851 717 1892 cruce
732 1835 853 1907 pendens
866 1842 1071 1901 commemorat,
1124 1845 1221 1894 cuncta
1231 1836 1333 1892 crearit
1343 1850 1376 1891 er
1387 1834 1473 1891 nihilo
1485 1852 1492 1903 ;
1506 1835 1553 1892 scd
1563 1833 1660 1900 maluit
1676 1834 1710 1891 de
1737 1850 1806 1906 aqua
1827 1835 1913 1892 lacere

277 1945 341 1988 cum
352 1929 420 1986 dixit
437 1929 513 2004 [lim
528 1944 743 1987 eornmemorans
759 1927 839 2000 dixit]
851 1927 951 1983 matri:
975 1925 1072 1993 linter,
1125 1928 1228 1993 uinum,
1251 1941 1305 1998 quo
1320 1925 1409 1999 qpiee
1439 1924 1559 1993 doceret,
1579 1940 1633 1980 non
1651 1940 1682 1981 se
1703 1925 1737 1981 ad
1760 1923 1913 1982 mlreudan

277 2036 336 2076 ecce
348 2019 420 2091 filias
436 2031 498 2077 tear
508 2037 518 2087 ‚·
536 2020 614 2091 quasi
630 2019 763 2074 dixisset:
787 2032 850 2075 ecce
873 2017 924 2074 hoc
948 2015 1022 2088 quod
1039 2030 1073 2072 cr
1125 2017 1394 2089 improbandamque,
1407 2016 1455 2071 sed
1468 2015 1503 2071 ad
1527 2014 1692 2087 implendam
1718 2014 1808 2086 potius
1831 2013 1912 2083 legem

279 2111 420 2182 tesumpsi
434 2112 513 2172 modo
526 2109 688 2178 ostenditur,
700 2107 840 2164 moriendo
861 2105 989 2176 quidem;
1013 2120 1074 2176 quse
1125 2110 1325 2182 prophetasque
1337 2107 1453 2174 uenisse,
1469 2120 1556 2180 neque
1583 2106 1637 2162 alia
1667 2121 1748 2177 super
1773 2103 1868 2178 [aeta
1888 2121 1915 2162 se

279 2214 369 2259 tamen
384 2211 481 2259 natura
494 2199 665 2274 postmodum
680 2198 852 2255 clarificanda
866 2205 925 2252 erat
936 2198 963 2252 in
978 2212 1071 2254 resur-
1125 2201 1185 2276 ρει]
1209 2200 1392 2274 euangelicam
1421 2199 1536 2273 qratiam
1558 2196 1650 2255 lacere
1672 2207 1699 2254 et
1721 2195 1820 2254 docere
1837 2211 1914 2266 quan

281 2294 409 2351 rectionis
427 2293 522 2366 gloria.
1126 2307 1187 2364 quae
1199 2291 1293 2363 leqnhs
1305 2299 1333 2347 et
1355 2289 1512 2362 pmphetica
1531 2288 1672 2361 Scriptura
1696 2303 1759 2345 euru
1784 2289 1915 2345 iactuum

316 2383 398 2439 tres.
411 2382 438 2440 h.
451 2382 570 2438 -lh'ait
582 2390 665 2437 irater
685 2380 743 2451 ejus
766 2378 914 2434 canistris:
938 2376 1076 2449 qeodeen-
1126 2384 1323 2454 docturumque
1334 2382 1462 2454 signaret.
1487 2380 1633 2438 Videamus
1646 2395 1712 2452 erqo
1738 2395 1787 2437 sex
1810 2377 1918 2451 hydrias

279 2488 329 2544 qtte
340 2471 437 2540 dixerit
451 2471 530 2535 tollit,
549 2470 638 2541 facile.
659 2468 771 2524 Scichat
784 2467 893 2539 quidem
907 2474 994 2522 malet·
1015 2464 1076 2536 0de
1128 2473 1333 2546 Scripturas-um
1345 2487 1416 2544 aqua
1426 2471 1539 2528 salutari
1560 2470 1688 2541 repletas,
1698 2468 1840 2526 videmus
1846 2483 1920 2529 eam-

281 2562 479 2622 humanitatcm
505 2561 552 2618 dlii
575 2560 633 2627 sui,
662 2559 726 2615 licet
753 2558 943 2630 quoquomodo
968 2557 1076 2612 uidetur
1128 2568 1299 2638 ,remquam
1313 2565 1339 2621 ῑῃ
1353 2564 1544 2622 suavissimum
1561 2562 1741 2622 scipiadum
1759 2570 1926 2634 pomumque

280 2652 358 2729 [Mt-s
371 2655 424 2712 hoc
439 2655 520 2716 modo
531 2651 680 2726 videretur]
696 2660 822 2728 ramatum
845 2651 918 2721 quod
934 2649 1074 2721 poscebat,
1127 2671 1296 2716 conversam.
1310 2656 1340 2712 ln
1352 2655 1439 2727 prima
1449 2662 1528 2713 aemtu
1541 2653 1649 2720 saculi,
1669 2642 1739 2712 Altel
1748 2653 1849 2724 justum
1863 2653 1921 2708 lra-

280 2755 368 2804 nater
381 2755 473 2804 amen
486 2746 590 2803 nutat
604 2745 732 2817 pictatem
748 2742 806 2809 oto,
829 2741 903 2814 quon
919 2755 974 2797 ron
1004 2749 1077 2798 esset
1129 2758 1171 2805 ter
1180 2748 1302 2804 intruens
1313 2746 1412 2806 meten
1424 2744 1502 2816 (Gen
1521 2744 1570 2818 n),
1589 2751 1617 2800 et
1626 2745 1662 2800 ou
1681 2744 1803 2813 noctise
1823 2758 1923 2814 perpre-

281 2847 429 2912 neptunus
457 2835 535 2911 illc,
561 2851 661 2908 separe
688 2833 786 2910 noluit]
808 2833 882 2907 quod
913 2831 1075 2904 petebatur:
1131 2837 1532 2911 nemorumnemorum,
1556 2836 1639 2894 edan
1666 2836 1694 2893 tn
1718 2834 1883 2907 euangelicis
1896 2845 1927 2890 er

283 2925 664 2987 idcodducialitermandatit
683 2924 816 2990 ministris
834 2933 864 2980 ιιι
877 2921 1004 2980 mandata
1024 2921 1077 2976 im·
1130 2929 1284 2999 apostolicis
1306 2928 1404 2985 litteris
1426 2926 1540 2996 jmtitiae
1558 2927 1664 2984 lauaem
1687 2927 1791 2998 sarepta
1811 2925 1927 3000 (linat.

273 3009 390 3098 ¹plorent
404 3018 451 3074 lllii
462 3016 593 3090 luhcntis.
1131 3035 1210 3085 xxrrr,
1224 3018 1289 3078 Lac.
1305 3018 1355 3091 rr).
1376 3017 1525 3075 Fratrieida
1548 3030 1614 3072 reru
1632 3015 1730 3085 impius
1743 3023 1850 3074 aurae
1864 3030 1930 3072 ma·

324 3107 403 3162 Vsus
418 3104 446 3161 6.
460 3136 495 3145 -
510 3102 594 3170 Erunt
606 3115 693 3163 natent
714 3106 826 3180 lapidee
842 3105 944 3178 hydria
965 3121 1012 3161 rex
1035 3121 1078 3176 po·
1091 3096 1116 3161 C
1130 3108 1281 3165 ledietionls
1290 3122 1385 3179 poenas
1395 3106 1456 3164 luit
1483 3105 1643 3176 Quicunque
1666 3105 1708 3162 his
1728 3104 1840 3169 auditis,
1863 3119 1930 3164 me·

278 3191 351 3262 'sitm
366 3196 509 3257 sontum
523 3197 733 3268 contentionem
756 3196 923 3263 taenarum,
948 3196 1079 3266 capientes
1131 3200 1345 3275 tuenteslliedu,
1365 3197 1502 3271 metuunt]
1516 3213 1580 3254 cum
1602 3196 1688 3269 impiis
1707 3195 1847 3261 damnari,
1875 3210 1932 3257 crp-

284 3286 396 3368 piuoaloe
409 3298 529 3346 metretas
541 3288 618 3354 hinne⁴
628 3288 666 3343 cel
677 3301 775 3343 ternos.
803 3305 812 3339 ι
827 3287 935 3360 Hydriae
949 3295 1081 3347 rocatrtut
1129 3299 1235 3376 pientes
1254 3295 1378 3374 henedici
1391 3309 1454 3354 eum
1470 3293 1531 3366 plis,
1544 3305 1651 3350 omnem
1664 3289 1786 3346 odiorum
1805 3297 1835 3343 ct
1847 3289 1930 3345 inri-

288 3391 352 3432 tata
372 3391 501 3446 aquamm
521 3377 642 3447 receptui
667 3383 769 3447 patale,
798 3374 892 3432 Greoe
914 3377 987 3432 essim
1011 3393 1081 3450 aaut
1131 3386 1312 3444 diaelomitem
1326 3383 1467 3454 abjiciunt,
1489 3382 1546 3442 lieo
1564 3381 1674 3453 placere
1691 3394 1740 3451 per
1759 3376 1931 3434 sacrihcirrm

286 3467 357 3548 ὕδωρ
370 3467 479 3529 dicitur·
503 3465 579 3537 aqna
601 3476 692 3524 ³¹¹¹⁰¹¹¹
717 3467 865 3537 Silii)tulae
886 3483 972 3525 ⁸³⁰¹ae
993 3469 1083 3525 ⁸050ss-
1127 3475 1256 3547 justitiam
1271 3475 1411 3534 modestiae
1428 3480 1456 3530 et
1477 3473 1651 3540 imocenua,
1672 3470 1823 3542 virtuteque
1844 3465 1931 3542 [Nn.

288 3561 353 3615 tiam
364 3560 496 3632 designat,
512 3574 572 3630 qurc
585 3574 648 3614 suos
666 3558 804 3616 auditores
822 3568 884 3616 eta
906 3569 1082 3634 peccatorum
1132 3566 1304 3632 modestiam,
1331 3552 1531 3629 innocentiam,
1559 3559 1700 3634 virtutem]
1721 3557 1854 3631 patientie
1878 3572 1932 3614 eu-

288 3649 369 3706 sorde
381 3649 530 3704 abluereet
551 3648 649 3704 diriore
663 3650 824 3723 cognitionis
844 3651 913 3707 solet
934 3649 1010 3710 tonte
1031 3668 1086 3725 po*
1133 3643 1266 3725 nantuac
1289 3656 1509 3728 protectusque
1531 3653 1560 3710 in
1585 3652 1726 3724 Smimora
1755 3650 1930 3711 inuenerunt,

290 3749 358 3806 tare.
372 3740 442 3796 Vasa
454 3755 502 3795 ser
516 3738 614 3810 quihus
624 3756 693 3811 aqua
713 3742 914 3812 continebatur,
925 3745 1007 3799 corda
1019 3752 1083 3800 sunt
1134 3751 1204 3808 unde
1221 3749 1365 3807 salubriter
1384 3746 1471 3804 abluti
1491 3746 1633 3817 potatique
1653 3741 1799 3818 gaudeant.
1824 3738 1880 3795 Sed
1905 3742 1931 3795 si

291 3829 389 3884 ‹leuota
411 3837 584 3897 sanctorum,
599 3845 714 3900 quorum
738 3831 869 3903 periocha
882 3833 946 3890 uita
966 3843 995 3891 ct
1022 3835 1085 3893 lldei
1134 3839 1316 3896 intellexerint
1340 3837 1369 3893 in
1392 3835 1459 3894 Cain
1485 3834 1649 3891 homicidam
1683 3832 1835 3890 iudeorum
1863 3844 1932 3884 esse

292 3920 327 3976 ad
338 3920 490 3993 exemplum
512 3931 585 3978 recte
610 3923 738 3982 credendi
762 3925 919 3982 accinendi
945 3928 1085 3999 proposita
1134 3932 1276 4004 perlldiam
1290 3948 1298 3998 ;
1314 3928 1480 3988 occisionem
1493 3926 1561 3983 hhel
1573 3927 1798 3999 passionemesse
1815 3921 1931 3978 homiui

291 4017 336 4070 cst
351 4012 443 4092 generi
456 4012 575 4068 humano
595 4027 645 4090 per
656 4029 705 4071 sex
728 4014 820 4071 saculi
841 4016 957 4074 labentis
979 4027 1084 4085 etates,
1136 4021 1297 4087 Salvator-is,
1310 4028 1496 4090 terramque
1507 4017 1654 4090 apemitos
1668 4029 1748 4072 suum
1764 4023 1792 4072 ot
1808 4011 1934 4082 suscepit

292 4101 319 4157 ld
345 4108 407 4172 est,
424 4116 510 4172 usque
533 4102 568 4158 ad
592 4111 697 4172 tempus
719 4105 866 4162 Dominicae
886 4105 1087 4176 predicationis
1136 4111 1218 4188 [ejus]
1244 4113 1401 4186 sanquinem
1425 4112 1460 4167 de
1479 4126 1561 4168 mauu
1586 4109 1664 4174 Cain,
1687 4106 1834 4166 Ecclesiam
1850 4118 1934 4166 esse.

292 4190 389 4265 [aeta.
406 4189 562 4262 passionis}
578 4191 612 4246 Et
629 4193 699 4247 hene
718 4192 824 4264 lapidea
849 4205 913 4252 sum
930 4211 1005 4264 rasa,
1023 4199 1086 4270 quia
1136 4220 1196 4277 quae
1212 4203 1329 4260 elissam
1353 4200 1482 4258 atronis
1496 4198 1596 4256 Christi
1610 4198 1769 4269 maranen
1787 4196 1814 4250 in
1826 4201 1935 4263 myste-

293 4282 762 4356 lortiasuntpraceordiajustorum,
779 4288 969 4358 utpoteillius
984 4288 1037 4346 llde
1060 4299 1088 4347 et
1136 4295 1207 4352 rium
1220 4310 1276 4350 sum
1287 4289 1480 4360 redemptionis
1496 4289 1616 4360 accepim
1635 4286 1763 4344 nimirum
1788 4296 1887 4354 mmm
1904 4281 1935 4338 iu

262 4362 274 4412 ‘r
293 4372 436 4429 dilectione
445 4372 542 4443 lapidis
556 4374 670 4436 solidata
689 4391 770 4447 quem
794 4376 861 4434 ridit
878 4378 972 4438 llaniel
990 4383 1086 4452 prect-
1137 4388 1232 4441 uinum
1254 4390 1387 4440 mutatam
1400 4380 1541 4451 reperiunt
1552 4377 1647 4453 [herla.
1670 4372 1848 4449 repereruntl,
1861 4375 1941 4444 quis

293 4476 354 4518 suru
366 4460 399 4516 de
410 4469 502 4517 moute
514 4463 574 4524 sine
595 4465 730 4533 aarum,
743 4458 898 4540 tactumque
917 4470 945 4525 ln
965 4481 1086 4540 monum
1099 4440 1125 4504 D
1138 4489 1223 4531 sacra
1232 4472 1305 4529 dieta
1317 4471 1383 4543 leq'ts
1394 4469 1702 4541 sacratiusintelliquut.
1712 4467 1835 4524 Secunda
1845 4473 1938 4524 mate

294 4561 472 4625 manumet
494 4554 619 4634 implesse
641 4575 750 4628 omnem
773 4571 874 4620 mrram
888 4562 971 4636 wan,
984 4580 1014 4632 ιι,
1027 4564 1085 4637 ιι).
1137 4563 1229 4621 saculi
1247 4564 1405 4629 inchoante,
1419 4560 1524 4617 deletus
1546 4568 1590 4618 est
1602 4560 1680 4631 aquis
1693 4558 1788 4616 diluril
1802 4556 1936 4622 mundus,

294 4643 328 4701 Et
342 4645 440 4717 dequo
448 4646 514 4706 dicit
528 4649 735 4708 Zacharias:1n
748 4651 835 4726 lapide
846 4656 1086 4727 motepunoeuli
1137 4653 1173 4710 oh
1198 4660 1371 4728 pcccatorum
1394 4650 1627 4723 magnitudinem
1642 4650 1691 4707 sed
1708 4648 1782 4705 sohrs
1801 4644 1856 4704 linc
1883 4662 1938 4719 per

293 4746 355 4796 aaut
368 4735 460 4811 (lach.
478 4756 521 4807 m,
544 4740 582 4811 hl,
612 4743 710 4810 idest,
738 4743 766 4798 iu
791 4742 900 4802 Christo
922 4747 1087 4804 universitas
1133 4744 1270 4815 justitiam
1283 4761 1346 4802 cum
1360 4727 1641 4802 domomaliheratus
1656 4743 1761 4798 inarca
1774 4738 1848 4814 (Gen.
1865 4741 1936 4811 mr).

294 4826 415 4885 scientiae
428 4830 557 4904 spiritalis
576 4833 709 4891 inhabitat
722 4851 730 4901 ;
744 4833 821 4903 cujus
832 4843 860 4892 et
884 4836 1024 4907 apostolus
1035 4838 1086 4896 Po-
1138 4833 1224 4906 Hujus
1237 4833 1418 4911 plagam
1429 4834 1523 4890 audita
1541 4833 1696 4891 vastatione
1708 4828 1842 4894 horriltili,
1860 4843 1938 4901 pau«

297 4920 539 4977 trusmemlnitita
547 4922 659 4980 dicens:
685 4924 726 4980 tt
748 4942 824 4998 meno
844 4925 994 4990 madentes,
1018 4927 1087 5002 lapi-
1137 4943 1284 4999 commque
1296 4928 1456 4984 liberatione
1478 4926 1605 4992 ruirahili,
1619 4926 1743 4998 quisquis
1764 4920 1938 4984 emoatlatim

297 5012 354 5066 dem
373 5011 468 5079 ιίιιιιιι,
483 5012 572 5085 stipsi
592 5025 718 5086 tenqeent
735 5014 836 5087 lapides
854 5018 904 5073 aiei
926 5020 1088 5094 superedifi-
1139 5021 1365 5093 rimmcnperlt,
1380 5020 1491 5078 horrori
1509 5020 1745 5078 desideraturum
1767 5016 1874 5084 elecds,
1906 5018 1939 5074 q.

296 5105 394 5178 ermini
405 5102 433 5178 (1
448 5104 521 5166 Petr-
534 5123 565 5173 ιι,
580 5109 621 5180 l).
647 5107 721 5166 Bene
747 5111 895 5169 secundum
918 5112 1087 5183 purificatio·
1140 5127 1217 5167 mens
1233 5111 1486 5179 ermrminaricum
1506 5110 1640 5182 reprohis,
1664 5111 1789 5181 hydriam
1810 5105 1941 5179 proteum

298 5210 361 5252 nem
383 5191 537 5256 tuoaoran
561 5197 645 5272 [Beda
661 5198 725 5255 edd.
750 5201 865 5274 tautum}
888 5204 984 5272 positae
1010 5211 1090 5262 eram
1139 5217 1227 5273 aqum,
1245 5216 1301 5273 qua
1314 5200 1513 5260 mundeturrd
1525 5200 1674 5264 reddatur,
1687 5200 1802 5271 acccmt.
1816 5199 1854 5256 ht
1866 5200 1938 5258 dnm

297 5285 491 5360 marmania
515 5287 669 5351 ludaeorum
684 5299 787 5350 tantum
807 5294 905 5366 populo
916 5293 958 5350 lex
969 5309 1018 5365 per
1031 5293 1089 5350 llo·
1139 5292 1221 5348 altius
1235 5305 1330 5361 sapere
1349 5289 1445 5363 [Beda.
1457 5291 1696 5365 altiusrespiccre}
1716 5291 1841 5366 coeperit,
1854 5297 1890 5348 et
1911 5291 1939 5346 iu

298 5390 347 5432 aen
365 5377 428 5448 data
441 5387 500 5447 est;
513 5396 577 5436 nam
596 5382 681 5454 qratia
704 5391 731 5438 et
751 5383 853 5440 veritas
874 5383 1011 5457 Evangelii
1035 5399 1090 5440 nun
1140 5397 1204 5437 arca
1218 5380 1378 5446 Ecclesiam,
1392 5381 1421 5438 iu
1439 5381 1497 5440 Noe
1514 5382 1670 5448 Christum,
1688 5382 1717 5442 itt
1734 5396 1804 5452 aqua
1815 5379 1940 5440 dilaculo

299 5471 389 5527 arrianus
405 5473 530 5542 gentihus
542 5488 626 5544 quam
644 5472 743 5532 ludaeis
763 5491 812 5547 per
839 5476 932 5534 lesum
952 5476 1090 5533 Christum
1140 5481 1298 5546 peccatores
1311 5488 1409 5545 aquam
1433 5476 1561 5547 baptismi
1585 5492 1647 5546 que
1670 5483 1782 5548 peccam
1799 5472 1897 5539 diluit.
1911 5473 1941 5530 ht

301 5557 370 5610 tacta
384 5565 436 5613 ent.
451 5559 599 5632 dommus,
619 5564 716 5635 iuquit,
731 5565 843 5636 rippale
868 5575 990 5621 merear
1016 5564 1090 5622 hines
1141 5562 1296 5622 hominihus
1315 5574 1343 5623 et
1360 5566 1388 5623 ia
1409 5565 1574 5626 animalibus
1594 5582 1656 5641 qoae
1684 5579 1749 5622 area
1766 5562 1939 5624 monachat.

302 5645 534 5720 alteramenta
551 5652 699 5726 Scriptura
720 5664 819 5715 saneta
837 5653 968 5714 'arrctorcs
992 5664 1020 5712 et
1042 5657 1090 5716 ml·
1141 5656 1315 5716 multifariam
1329 5658 1527 5730 baptizatorum
1552 5657 1741 5724 differentiam,
1755 5658 1782 5714 in
1797 5655 1938 5714 columba.
