4075 6192
132 398 187 460 ros
539 353 742 455 orsoenos.
761 428 796 440 -
814 396 990 455 coamesr.
1011 398 1045 452 ιι·
1064 396 1159 454 toas
1182 430 1213 438 --
1232 394 1295 455 ero.
1314 397 1334 454 ι.
1712 365 1766 457 'too

131 531 162 584 gr
189 535 221 575 aar
235 517 293 590 garis
314 513 441 588 glorietur
463 514 571 587 (lipare.
595 532 627 578 rr,
654 515 681 580 8,
700 515 738 586 11).
767 513 895 585 chrritnr
912 530 918 566 :
935 515 958 574 Α
971 513 1124 582 posuisset,
1144 512 1211 569 vidit
1237 513 1265 568 io
1294 514 1396 570 mannis
1419 512 1519 572 scalam
1543 521 1659 570 stantem
1684 529 1768 587 super

168 611 251 666 lens.
262 604 502 677 dd-llerpoadit
517 605 595 662 Jecur
607 616 631 661 et
644 606 764 662 diritei:
779 604 847 671 Quia
870 604 927 657 diri
977 612 1129 669 terram,et
1141 619 1270 661 cacumen
1290 603 1360 660 ildus
1385 611 1496 676 tangens
1518 604 1634 672 eoelum;
1658 605 1767 677 angelos

131 697 198 766 tili:
224 691 284 750 Vidi
300 706 325 751 tc
351 694 399 750 rat
423 695 608 765 ficu,rredir‚·
636 694 723 764 moine
751 694 792 749 laic
816 693 925 747 ridelis.
975 710 1083 765 quoque
1093 693 1141 750 oet
1153 696 1337 761 ascendentes,
1351 703 1379 750 et
1390 694 1583 753 descendentes
1603 711 1685 769 snper
1694 711 1765 762 eam,

132 787 217 864 [Quid
239 787 275 842 sit
301 784 399 858 maius]
419 784 452 840 de
476 801 530 856 otro
552 785 627 850 dicit,
653 784 711 854 ipse
732 784 927 853 substententur
975 782 1154 838 etilominum
1169 783 1290 839 innixum
1303 784 1382 840 scats
1398 784 1530 839 dicentem
1545 783 1614 841 sibi:
1630 781 1687 858 ego
1707 804 1767 842 rum

126 880 232 956 ¹aperit,
255 876 372 932 luteram
392 875 565 933 credentibus
584 874 741 946 spondendo
759 873 925 945 apertionem
976 867 1046 922 llenr
1061 867 1192 923 Atratum
1205 871 1287 940 patrie
1298 870 1345 934 tui,
1359 879 1384 925 et
1404 871 1474 927 ileos
1491 867 1586 930 isaac:
1600 879 1768 946 surgensque

131 971 209 1042 regni
237 969 370 1032 celestis,
395 977 422 1025 et
443 968 639 1039 praedicandam
658 967 759 1023 muodo
783 975 926 1035 utramque
976 973 1055 1012 manc
1073 957 1164 1013 debito
1185 974 1245 1013 enm
1265 974 1363 1029 patore
1384 959 1477 1016 laudes
1497 959 1612 1018 Donrino
1635 960 1766 1027 reserens.

132 1063 214 1118 unius
227 1075 282 1116 soe
292 1067 417 1114 naturam
428 1073 559 1130 persone,
574 1056 645 1127 quod
664 1070 758 1112 revera
778 1055 925 1110 multoex-
976 1048 1037 1104 tulo
1049 1049 1135 1120 ipsum
1156 1048 1283 1118 lapidem,
1306 1057 1333 1104 et
1356 1049 1443 1105 erexit
1455 1050 1482 1105 1ιι
1508 1051 1626 1117 titulum,
1653 1052 1769 1110 lundens

127 1147 273 1207 'cellentius
286 1157 329 1204 est
349 1162 488 1210 arcanum,
512 1162 593 1217 quam
616 1145 687 1216 quod
709 1162 759 1201 nos
773 1146 799 1200 in
822 1146 925 1216 peccati
975 1139 1064 1195 oleum
1077 1140 1200 1212 desuper.
1216 1138 1377 1212 llrajusergo
1390 1138 1441 1195 loci
1455 1138 1584 1195 Dominus
1606 1139 1671 1196 lacit
1691 1157 1767 1197 mcn-

125 1233 222 1302 'adhuc
246 1239 341 1295 umbra
361 1233 463 1309 positos
483 1253 497 1291 a
522 1252 552 1292 sc
575 1235 764 1292 illuminandos
792 1233 925 1306 praeridit.
975 1230 1091 1296 tionem,
1104 1230 1176 1285 etde
1194 1231 1331 1288 seaesuis
1347 1230 1470 1287 ildelilrus
1482 1230 1625 1304 liguratom
1639 1231 1767 1289 maniles·

133 1328 220 1405 liajns
231 1337 273 1387 est
283 1329 353 1385 enim
374 1326 445 1398 quod
456 1341 506 1382 nos
524 1325 739 1396 salratosgratia
756 1340 813 1380 sne
835 1323 927 1396 cogni·
976 1321 1079 1376 tissime
1098 1328 1212 1377 testatur
1226 1334 1250 1374 1.
1269 1342 1279 1376 ι

133 1420 217 1478 tionis
236 1417 339 1480 imbuit,
355 1415 425 1487 quod
436 1414 496 1470 coeli
507 1415 585 1470 nobis
603 1414 699 1487 gaudia
726 1414 830 1488 pandit,
854 1414 926 1484 quod
967 1401 972 1406 ⁵
1009 1408 1254 1475 (iserniensi.
1270 1409 1304 1466 Et
1316 1412 1359 1467 die
1369 1413 1443 1468 tertio
1455 1415 1552 1486 nuptio
1566 1413 1644 1484 [octo
1660 1424 1720 1471 runt
1731 1416 1767 1492 Ι1ιι

133 1509 325 1592 predicatores
342 1521 396 1561 suae
420 1504 482 1558 lldci
505 1503 532 1558 in
556 1502 656 1558 mundo
683 1499 825 1571 dispersit,
844 1517 925 1572 quam
975 1498 1049 1556 Carra
1064 1499 1191 1566 Gallice,
1205 1511 1228 1556 et
1240 1513 1295 1557 erut
1310 1513 1394 1558 muter
1409 1502 1473 1559 iero
1494 1502 1531 1558 111
1540 1504 1566 1558 b.
1583 1521 1592 1555 ι
1610 1503 1664 1560 Nec
1688 1516 1767 1561 racat

132 1599 206 1678 quod
231 1614 281 1654 nos
306 1595 448 1652 salvandos
469 1593 587 1666 potentia
610 1608 666 1648 sure
689 1592 839 1663 majestatis
863 1602 925 1649 ante
971 1583 1139 1661 ‘emysteria
1161 1591 1233 1659 quod
1255 1590 1299 1646 di’e
1324 1591 1416 1662 tertio,
1441 1599 1502 1662 post
1516 1608 1546 1648 ea
1563 1607 1622 1666 quae
1643 1592 1767 1664 superior

123 1689 233 1756 mur,
249 1687 394 1759 pascasio,
437 1750 442 1761 Ι
974 1675 1196 1754 [lir.,superins]
1216 1694 1305 1735 sermo
1323 1677 1462 1752 Evangelii
1482 1679 1669 1753 descripserat,
1696 1698 1764 1760 nup·

169 1781 252 1838 Vens.
266 1778 311 1833 51.
325 1809 361 1820 -
373 1777 610 1842 immemoratio
618 1777 696 1842 rotr'r¹
708 1775 924 1833 ddetiriseoetnm
973 1767 1018 1822 tia
1032 1765 1109 1823 lacte
1121 1766 1286 1826 referuntur.
1299 1767 1352 1825 Sed
1368 1770 1447 1825 tertio
1465 1777 1585 1842 ternpore
1601 1771 1691 1828 seculi
1710 1771 1765 1829 llo-

132 1877 297 1943 repertumst
312 1866 416 1939 angelos
426 1867 469 1921 dei
479 1866 644 1922 mendene,
655 1875 679 1921 er
689 1866 869 1922 descendentes
878 1884 923 1920 gu.
937 1847 961 1908 B
976 1855 1078 1911 minum
1091 1858 1126 1913 ad
1138 1858 1285 1928 aptandum
1296 1857 1346 1914 sibi
1354 1858 1502 1915 Ecclesiam
1514 1859 1619 1916 venisse
1630 1861 1764 1936 designat.

132 1976 182 2035 pra
192 1959 276 2027 filium
287 1954 474 2012 transmetatio
482 1954 642 2026 completum
650 1956 922 2026 cemimuspromissi
966 1946 1094 2004 ’1111111111
1113 1949 1212 2020 (titillet
1230 1950 1320 2005 saeculi
1332 1958 1437 2022 1111111118
1460 1959 1523 2007 aute
1537 1950 1622 2024 legem
1646 1951 1766 2023 1111111·

132 2045 215 2116 liujus
222 2045 355 2102 ellectum.
365 2047 493 2102 Videmus
501 2047 600 2102 etenim
612 2046 710 2102 celum
718 2046 922 2118 apertumquia
964 2041 1087 2097 'charum
1100 2041 1240 2113 exemplis,
1255 2043 1403 2099 seeundum
1421 2043 1470 2099 sula
1490 2042 1548 2116 lege
1570 2042 1765 2116 Prophetarum

132 2135 923 2214 postquamcoelumllcuslromopenetrarieetiamnolrisiu
972 2130 1093 2202 scriptis,
1115 2131 1224 2186 tertium
1253 2132 1302 2187 sub
1327 2130 1412 2201 gratia
1426 2133 1567 2203 preconiis
1586 2134 1765 2206 evangelista·

133 2241 198 2283 cem
219 2215 400 2291 credentibus,
416 2224 924 2296 supernaepatriaspatetactumcogne·
973 2239 1046 2288 rum,
1066 2222 1143 2292 quasi
1161 2224 1242 2279 tertia
1257 2223 1309 2278 diei
1328 2223 1388 2280 lnce
1402 2223 1501 2281 mundo
1525 2223 1642 2291 refulsit,
1657 2226 1684 2281 in
1712 2242 1766 2297 qaro

133 2317 236 2376 solnm
249 2316 400 2386 ingressum
418 2313 485 2386 [11.,
498 2311 660 2386 introituml.
674 2314 801 2370 Videmus
815 2313 924 2385 angelos
973 2313 1104 2370 [lominus
1117 2322 1144 2369 et
1163 2313 1288 2370 Salvator
1300 2324 1401 2382 noster,
1414 2332 1463 2388 pro
1481 2316 1664 2387 redemptione
1685 2334 1767 2391 genc-

133 2405 365 2461 Deiaseendentes
374 2411 402 2458 et
410 2403 602 2459 descendentes
611 2419 692 2473 supra
703 2404 923 2471 liliumlaominis,
973 2407 1012 2461 ris
1022 2407 1131 2464 humani
1144 2407 1172 2462 1ιι
1191 2410 1506 2482 caroeuatusapparoit.
1520 2407 1611 2466 Sedet
1630 2411 1766 2484 hocqarod

133 2476 198 2576 qtri'a
216 2497 407 2567 predicatores
424 2506 531 2552 sanctos
542 2496 666 2552 nouimus
678 2497 872 2553 sublimitatem
885 2497 924 2552 di·
975 2494 1001 2550 in
1015 2495 1087 2551 Cena
1099 2495 1226 2563 Galilaea,
1239 2497 1266 2552 id
1279 2499 1359 2553 estin
1378 2497 1436 2553 zelo
1451 2500 1695 2571 transmigrationis
1705 2517 1766 2573 per-

132 2587 256 2642 vinitatis
270 2584 370 2643 Christi
388 2586 467 2641 simul
488 2594 515 2640 et
536 2587 712 2643 humanitatis
734 2587 792 2657 ejus
817 2589 923 2644 inlirma
974 2593 1100 2654 petrate,
1126 2585 1226 2640 caedem
1249 2586 1348 2655 nuptiae
1368 2585 1447 2640 laete
1470 2586 1659 2655 perhibentur,
1678 2590 1766 2661 typice

133 2679 269 2734 nuntiare.
293 2677 448 2734 temdum
471 2693 552 2748 super
574 2678 658 2734 illium
684 2680 801 2735 laomlnis
825 2679 923 2751 angeli,
976 2675 1519 2748 denuntiat,eosmaximegratiaChristi
1533 2677 1767 2747 dignosexistere,

133 2783 196 2824 cum
209 2768 519 2846 docentpredicatores.
540 2768 602 2839 qaria
615 2770 643 2823 io
652 2770 843 2841 principiorem
863 2769 925 2824 Ver·
964 2766 1022 2835 'qui
1036 2765 1094 2822 zelo
1110 2764 1223 2822 semoris
1236 2782 1268 2822 ac
1281 2765 1333 2836 piae
1353 2765 1503 2822 denotionis
1523 2765 1619 2839 [Beda.
1640 2767 1686 2839 qul
1708 2769 1767 2826 zelo

133 2857 205 2924 hm,
216 2866 241 2911 et
257 2853 369 2910 teriam
382 2865 438 2910 erat
449 2857 519 2927 apud
535 2856 628 2923 ὓιιιιιι,
647 2867 672 2912 et
696 2858 764 2913 deur
785 2869 842 2914 erat
858 2857 924 2914 Ver·
976 2855 1082 2913 lerrere
1102 2858 1153 2929 pie
1167 2855 1338 2931 denotionis].
1350 2866 1377 2913 ct
1393 2856 1513 2935 ¹emulari
1523 2855 1685 2916 charismata
1709 2874 1765 2916 nra·

133 2947 196 3002 dum
215 2945 296 3018 (loon
323 2961 342 3010 r,
359 2945 396 3016 1).
420 2945 590 3001 Descendunt
604 2961 685 3018 super
706 2949 790 3004 lilium
808 2949 926 3006 hominis
972 2948 1043 3019 jora,
1060 2964 1092 3006 ac
1106 2949 1139 3005 de
1153 2949 1226 3006 titiis
1237 2948 1270 3005 ad
1281 2949 1404 3015 uirtutes,
1419 2950 1489 3005 bona
1505 2949 1650 3021 operando,
1666 2949 1699 3006 de
1712 2955 1766 3007 ter·

132 3035 234 3105 angeli,
245 3050 306 3091 clun
322 3035 470 3108 adiungunt
483 3036 563 3092 iidem
577 3036 653 3111 [tte
666 3039 694 3096 id
706 3037 770 3113 esti,
784 3040 847 3114 quia
861 3039 931 3096 l’er.
977 3039 1050 3096 renis
1063 3040 1097 3095 ad
1109 3047 1210 3096 eterna
1234 3049 1333 3097 nomnt
1346 3039 1478 3112 sperando
1497 3050 1525 3097 ot
1543 3039 1657 3097 amando
1678 3050 1767 3100 trans·

132 3125 195 3181 turn
210 3141 272 3181 coro
292 3136 389 3196 tamum
406 3137 454 3193 cat,
475 3138 499 3183 et
516 3128 642 3186 latitavit
665 3132 693 3186 in
720 3131 802 3187 nolis.
829 3131 922 3203 Neque
978 3127 1104 3200 migrare.
1119 3129 1308 3186 discumbente
1320 3138 1410 3185 autem
1422 3129 1456 3185 ad
1474 3131 1581 3204 nuptias
1592 3129 1707 3192 Domino
1726 3131 1759 3188 tl

133 3215 270 3272 immerito
279 3216 470 3287 praedicatores
480 3220 565 3274 sancti
580 3221 668 3291 typice
678 3222 765 3293 angeli
779 3231 920 3289 vocantur,
973 3231 1038 3271 nom
1058 3216 1167 3284 defecit.
1192 3227 1232 3285 ut,
1251 3218 1314 3274 rino
1335 3218 1447 3278 meliore
1472 3234 1521 3291 per
1544 3218 1630 3289 ipsum
1649 3221 1765 3278 mirabili

133 3309 233 3378 quibes
251 3319 377 3366 consuete
388 3311 539 3367 derivatam
555 3314 589 3369 ab
607 3315 710 3386 angelis
724 3331 821 3372 nomen
842 3329 923 3372 eran.
972 3307 1068 3364 ordine
1078 3306 1160 3374 iacto,
1172 3306 1391 3364 manifestaretur
1405 3307 1488 3379 gloria
1499 3307 1608 3366 latentis
1619 3310 1645 3365 in
1655 3309 1766 3368 homino

132 3399 291 3479 gelistarum
304 3400 474 3467 conceditur;
487 3410 516 3458 ut
532 3403 602 3458 sieut
616 3405 643 3460 lai
658 3406 756 3473 nnntli,
771 3406 808 3462 lta
832 3416 859 3464 et
883 3407 921 3464 illi
971 3399 1038 3466 eet,
1053 3408 1081 3455 et
1096 3400 1264 3456 credentium
1284 3399 1311 3455 1ιι
1336 3415 1397 3456 eum
1416 3398 1482 3456 ildes
1506 3409 1583 3456 aucta
1609 3402 1763 3474 proliceret.

130 3499 247 3564 propter
260 3485 329 3548 idom
352 3508 463 3551 summe
488 3495 685 3565 predicationis
706 3496 833 3566 odicium,
857 3499 921 3555 boni
971 3495 1252 3570 monstrosorum
1270 3495 1399 3552 'norimus
1421 3493 1486 3568 [tle.
1507 3504 1531 3551 et
1555 3493 1642 3561 Beda,
1666 3493 1764 3566 qiuari-

133 3581 221 3637 otmtii
235 3584 464 3654 cognominentur.
476 3584 510 3639 Et
525 3586 673 3642 notandum
699 3588 769 3657 quod
793 3589 922 3648 [lominus
971 3586 1055 3661 musl,
1067 3595 1212 3659 apparente
1227 3588 1253 3642 1ιι
1270 3599 1352 3642 carne
1366 3586 1488 3648 llomino,
1506 3600 1614 3640 meraca
1635 3583 1679 3639 illa
1692 3584 1764 3659 loga-

131 3672 251 3742 seipsnm
266 3671 350 3728 lilium
368 3673 484 3731 hominis
497 3689 652 3746 nuncupat:
673 3677 821 3736 lt'atlranael
843 3697 920 3737 eum·
970 3678 1004 3735 lis
1017 3693 1114 3734 sensus
1124 3678 1244 3733 suavitas
1262 3673 1390 3747 paulatim
1418 3681 1547 3744 ceperat,
1572 3673 1608 3728 ob
1626 3674 1760 3731 carnalem

131 3761 195 3815 dem
215 3757 310 3817 Filium
329 3762 377 3818 liei
388 3763 526 3834 praedicat.
541 3764 591 3821 Cui
605 3767 825 3839 simileestqnod
850 3772 921 3840 apud
970 3766 1168 3822 Pharisaeorum
1185 3761 1569 3835 irrtcrpretatinnem,aprisea
1584 3777 1632 3818 sua
1659 3763 1761 3819 uirtute

128 3851 200 3906 alios
215 3853 392 3923 evangelistas
405 3853 461 3923 ipse
479 3853 625 3925 discipulos
646 3858 812 3929 interrogat:
837 3858 921 3923 Quem
970 3855 1096 3913 delicere.
1112 3854 1162 3921 Qui
1177 3869 1240 3908 mox
1251 3868 1294 3919 ea,
1307 3866 1366 3921 que
1376 3851 1492 3908 carnalia
1505 3851 1673 3921 ridebantur,
1684 3871 1761 3912 man·

129 3942 347 4002 manumisser
360 3959 415 3996 erre
431 3943 516 4011 filium
530 3943 641 4000 hominis
653 3948 666 4000 t
677 3947 709 3999 tr
721 3946 761 4000 1111
777 3947 920 4002 dicerunt:
970 3946 1033 4001 data
1046 3943 1080 3999 nd
1106 3940 1253 4012 splritalem
1279 3941 1413 3996 conuertit
1437 3940 1598 4009 doctrinam,
1623 3954 1761 4001 cunctam·

129 4031 183 4087 1111
196 4030 327 4085 loannem
350 4029 504 4101 Baeticam,
526 4031 574 4086 alii
595 4032 694 4101 Ellam,
704 4043 757 4091 etc.
776 4034 845 4090 ltirit
865 4034 919 4091 illis
970 4050 1023 4107 qno
1038 4031 1134 4088 littero
1157 4029 1252 4104 legalis
1273 4030 1441 4103 supcrllciem
1470 4033 1623 4104 evangelica
1643 4035 1763 4092 caelestis

128 4123 229 4179 Jecur:
256 4119 307 4176 Vos
319 4130 405 4177 ιιιιειιιι
420 4139 496 4194 gurm
510 4139 551 4178 me
573 4125 751 4182 asarmot
773 4126 921 4198 llespontdt
969 4124 1063 4197 gratiae
1084 4124 1184 4178 virtute
1207 4122 1476 4193 mutarit‚‘quodest
1496 4122 1589 4177 tinum
1611 4120 1709 4181 iecisse
1727 4123 1761 4182 dc

128 4215 225 4269 Simon
240 4211 322 4286 m
333 4213 449 4269 Petrus:
471 4213 509 4269 Tar
524 4231 551 4271 ea
566 4215 686 4272 cimam
704 4216 790 4274 Filios
805 4218 853 4274 liet
869 4220 920 4274 siat
970 4230 1049 4284 aqna
1065 4211 1118 4269 Sed
1128 4213 1215 4284 primo
1228 4212 1366 4269 videamus
1386 4213 1497 4285 quidsit
1513 4213 1596 4285 quod,
1620 4213 1762 4274 deliciante

128 4304 307 4378 (Hartman,
326 4304 490 4376 13411131
509 4305 617 4377 quidem
635 4306 717 4377 jnstae
740 4309 918 4379 dispensatio·
969 4305 1054 4370 rino,
1078 4301 1143 4361 dicit
1156 4301 1250 4377 [Beda
1273 4318 1345 4359 cum.
1361 4343 1368 4358 .
1387 4303 1521 4379 diceret]
1536 4311 1624 4362 mater
1641 4303 1704 4362 lesu
1726 4308 1760 4363 ad

128 4396 175 4452 nis
192 4395 374 4451 moderamine
388 4402 478 4450 actum
491 4404 533 4451 est
545 4404 574 4450 ut
588 4413 649 4452 com
664 4404 778 4467 utraque
798 4397 918 4466 ejusdem
969 4408 1049 4448 eume
1082 4397 1085 4402 “

128 4483 287 4540 mediatoris
305 4484 352 4540 llei
372 4493 400 4540 et
417 4484 522 4540 Domini
535 4486 620 4541 nostri
634 4487 676 4542 vel
688 4488 722 4543 ab
734 4486 792 4557 ipso
803 4487 955 4584 nomino„
1004 4486 1086 4542 Vens.
1105 4487 1133 4552 5,
1152 4485 1180 4540 1.
1206 4515 1243 4525 -
1268 4481 1365 4540 Vinum
1388 4501 1440 4541 non
1466 4485 1571 4542 latent.
1597 4486 1757 4560 despondit.

127 4574 174 4631 rel
188 4573 509 4645 abhomioepuroesset
534 4577 767 4632 commemoranda
791 4576 916 4632 substan-
969 4575 1040 4644 Quid
1056 4577 1120 4633 miii
1133 4584 1157 4631 et
1183 4574 1230 4630 1111
1241 4583 1292 4643 eat,
1318 4573 1438 4631 mulieri
1455 4574 1582 4633 Nondum
1605 4579 1674 4634 oenit
1695 4580 1760 4635 lacre

129 4664 181 4730 tia,
195 4663 266 4719 Deus
282 4661 545 4735 lromolragilitatem
560 4673 774 4737 assumptreasc
793 4667 916 4723 humani·
968 4683 1035 4722 mea.
1051 4665 1144 4738 Neque
1164 4665 1237 4721 enim
1261 4671 1375 4722 matrem
1399 4682 1475 4722 snam
1498 4667 1683 4737 inhonoraret,
1713 4672 1759 4742 oui

129 4754 196 4811 tatis
213 4769 296 4825 purus
309 4755 391 4809 laomo
403 4754 529 4809 rimarem
549 4761 656 4811 eternae
675 4754 702 4811 in
713 4770 746 4813 eo
767 4755 916 4814 dirlnitatis
968 4770 1019 4811 nos
1026 4753 1103 4824 iubet
1111 4757 1246 4812 honorare
1258 4765 1364 4828 patrem
1372 4764 1400 4813 et
1411 4766 1526 4815 matrem
1539 4775 1547 4825 ;
1561 4767 1609 4815 aut
1621 4775 1681 4819 cam
1706 4763 1756 4818 silai

130 4851 283 4899 astrueret:
299 4843 356 4913 ipse
366 4857 442 4899 suam
456 4842 646 4909 bumilitatem,
660 4845 704 4901 illc
714 4845 774 4916 ejus
786 4845 917 4903 fateretur
967 4861 1028 4902 csse
1041 4855 1154 4902 matrem
1169 4856 1288 4919 negaret,
1302 4862 1336 4903 ex
1351 4848 1427 4919 eujus
1444 4863 1526 4905 carne
1546 4851 1653 4923 rirgine
1676 4851 1756 4926 [tte.

129 4932 308 4989 altitudinem.
325 4932 475 4989 Notandum
485 4933 582 5005 quippe
589 4934 671 4988 edam
685 4935 757 5005 quod
775 4935 914 4999 Dominus,
955 4937 1127 5013 ¹uirgineam]
1141 4953 1249 4994 carnem
1266 4940 1402 5014 suscipere
1411 4955 1464 4996 non
1477 4940 1612 5012 despexit,
1628 4941 1758 5016 Apostolo

129 5024 177 5093 qni
190 5021 299 5079 emtum
314 5022 463 5080 Nathanael
477 5038 541 5080 rere
559 5023 707 5080 israelitam
726 5033 878 5097 nuncupat,
892 5028 919 5082 in
968 5029 1051 5084 etlam
1069 5039 1194 5096 testante,
1209 5031 1255 5101 qui
1267 5031 1323 5087 alt:
1344 5030 1396 5099 Qai
1422 5031 1509 5102 sactus
1520 5036 1592 5090 ectri
1606 5052 1639 5092 ea
1657 5039 1748 5099 remim

130 5115 184 5168 troc
193 5128 299 5184 quoque
311 5115 395 5169 verbo
409 5128 463 5184 quo
475 5114 528 5169 ait:
547 5112 669 5170 Videlitir
682 5113 773 5170 colem
790 5126 918 5187 apertam,
968 5120 1054 5176 florid
1066 5122 1207 5176 erundum
1220 5139 1324 5178 carnem
1337 5123 1423 5195 (Rom.
1439 5141 1458 5190 ι,
1474 5125 1514 5197 3).
1529 5126 1667 5197 Quomodo
1680 5129 1756 5190 enim

129 5210 155 5256 et
165 5203 270 5274 moetos
281 5202 504 5261 daemoes
515 5213 540 5260 et
557 5204 738 5262 deuendenter
747 5222 824 5278 cuper
833 5206 919 5277 filium
954 5223 1001 5266 ‘ea
1015 5211 1117 5267 semine
1128 5212 1212 5268 David
1228 5215 1375 5271 secondom
1387 5231 1506 5284 earnem,
1531 5221 1554 5275 si
1573 5236 1626 5277 non
1644 5236 1677 5278 ex
1689 5237 1752 5278 cor·

129 5292 243 5347 tamaio
252 5292 435 5365 (docendi),
446 5294 917 5368 visionemlacobpatriarelraeltien.
966 5314 1033 5373 pore
1045 5299 1135 5356 llarlae
1146 5304 1293 5358 secundum
1305 5319 1425 5371 onmem,
1439 5321 1498 5376 qnae
1510 5322 1543 5364 ea
1554 5307 1636 5365 llarid
1646 5311 1752 5376 'semine

128 5380 239 5450 mm).
256 5383 303 5453 11111
326 5397 376 5453 per
398 5383 610 5440 1111111110111111
632 5394 742 5442 10111111
756 5393 797 5441 111
821 5384 912 5450 lsrael.
966 5391 1124 5448 descendit?
1135 5391 1219 5448 sedin
1230 5408 1265 5449 eo
1278 5395 1358 5465 quod,
1373 5397 1531 5453 miraculum
1547 5399 1681 5470 iacturas,
1693 5401 1750 5461 ait:

129 5469 165 5526 ed
181 5472 339 5528 mesariam
363 5473 475 5529 reducit.
496 5473 523 5528 lo
543 5485 744 5542 namqueeum,
771 5475 863 5531 rolens
886 5475 913 5530 in
967 5480 1038 5548 Quid
1049 5481 1114 5536 oaldi
1123 5491 1147 5538 et
1162 5481 1209 5538 1111
1219 5492 1266 5548 ert,
1279 5483 1751 5560 molier?signillcatsedirinitatit,

128 5562 245 5634 quodam
262 5562 323 5618 loco
347 5562 525 5633 requiescere,
545 5560 659 5630 lapidem
680 5564 762 5634 capiti
780 5579 830 5619 suo
848 5579 913 5635 sup·
966 5588 1019 5643 qua
1034 5571 1191 5629 miraculum
1201 5581 1258 5630 erat
1271 5575 1506 5646 patrandum,non
1516 5578 1676 5660 principium
1684 5590 1754 5650 tem«

165 5705 177 5732 ⁸
192 5689 335 5764 Hucusque
350 5710 382 5751 ex
397 5693 505 5750 lroorilia
517 5692 595 5749 dodae
613 5692 703 5748 citata.

166 5761 180 5803 1·
191 5762 232 5828 ξι,
245 5765 352 5831 nonulla
362 5763 442 5828 Bodas
455 5765 483 5822 le
495 5764 631 5828 dominica
644 5767 759 5822 secunda
777 5779 837 5843 post
849 5768 1033 5846 Epiphaniam.
