4075 6192
251 384 303 444 {39

674 373 704 430 lt
723 374 756 432 F.
777 373 887 430 atomi
906 374 971 432 SEU
988 374 1125 431 mutilat
1142 372 1282 430 orendil
1300 371 1389 428 rins
1407 372 1427 426 l.

1819 369 1870 423 tto

251 515 262 549 r
283 507 352 564 quas
365 490 519 612 suffavcrat
528 485 669 550 chesnius,
683 486 718 541 ub
733 487 765 541 iis
781 500 843 556 pras
854 486 972 542 nondum
989 494 1030 557 ty·
1044 490 1066 544 A
1083 505 1092 538 r
1113 485 1272 541 eruditionis
1286 492 1415 552 apparatu
1427 481 1558 537 modam
1567 480 1639 534 banc
1651 495 1738 536 aream
1751 480 1872 549 qualem·

252 584 262 617 r
284 563 326 632 pis
337 574 399 615 man
419 565 470 613 atae
483 555 588 611 inerant
600 572 607 608 ε
619 555 690 611 unde
702 569 756 610 non
768 563 880 621 temere,
893 563 924 611 ut
936 554 1028 617 medo,

252 652 262 685 r
283 629 465 699 conicturam
476 624 616 689 faciebam,
630 626 828 681 Armacbanum
842 624 983 694 presulem
997 625 1030 679 de

251 720 261 755 r
284 701 318 755 iis
332 708 399 752 tunc
412 696 487 766 prelo
501 694 699 751 committendis
710 695 851 765 cogitasse.

284 786 296 822 t
318 767 351 822 Et
366 776 458 830 certe,
474 780 523 821 nce
539 766 599 820 luce
615 764 730 834 publiea,
747 779 797 819 nec
810 764 877 819 tanti
889 763 940 819 riri
958 763 1031 818 caris

248 859 260 889 a
276 838 385 909 indigna
398 836 540 890 videbatur
553 835 612 889 brec
622 833 729 888 Alcuini
752 833 927 904 epistolarum
949 832 1031 887 colle-

250 927 261 959 ι
282 908 353 972 etio;
381 904 452 975 qood
474 903 597 986 prolecto
619 903 754 959 constabit
776 908 846 957 inter
868 902 1030 971 omnesqui

251 997 260 1028 ·
282 975 522 1102 aarum
532 971 1031 1109 stellantiastellantia

251 1064 261 1097 i

252 1135 262 1167 r
283 1123 336 1176 rat,
353 1113 452 1178 nullam
473 1112 508 1166 ad
531 1127 581 1168 nos
600 1110 755 1181 pervenisse
779 1111 976 1168 existimarunt.
1003 1116 1032 1165 ct

251 1204 260 1235 r
283 1184 456 1267 uehementer
470 1180 612 1235 doluerunt
624 1181 769 1250 scriptores
784 1179 908 1234 ilistoriae
927 1177 1031 1233 littera-

251 1274 261 1373 :
283 1247 1030 1399 auidiidtdtldbatidibliduit}

251 1412 260 1443 r
283 1392 441 1447 liarieianus
453 1388 572 1442 exlrtbet.
676 1399 679 1404 ·

284 1502 297 1534 r
318 1481 507 1549 Allnsquoque
518 1478 750 1549 epistolasprnter
761 1475 934 1533 Alcuininnas
948 1478 1031 1533 babet

251 1573 261 1604 ι
283 1553 354 1608 idem
374 1552 469 1614 codex,
483 1563 597 1618 quarum
613 1556 715 1617 septem
731 1546 850 1617 [longule
868 1546 956 1604 abbati
982 1548 1031 1601 tri-

250 1623 412 1682 rbuuntur,
431 1620 528 1674 breues
554 1617 671 1685 quidem,
697 1615 743 1670 sed
764 1617 901 1671 anecdota
923 1630 1028 1671 omnes.

251 1709 261 1742 r
282 1690 337 1745 iias
353 1689 475 1760 proxime
492 1686 625 1741 antecedit
647 1684 758 1753 epistola
774 1683 884 1750 maioris
902 1686 1030 1741 momenti

252 1779 260 1810 r
284 1758 410 1814 aCarolo
422 1756 517 1826 Magno
539 1754 640 1835 scripta
662 1752 695 1808 ad
713 1753 869 1808 ilicitaelem
886 1754 1031 1823 imparato·

1083 574 1093 606 t
1115 569 1220 624 cunque
1233 553 1382 607 simbolam
1394 550 1565 613 contulerim,
1578 549 1605 603 in
1618 564 1716 619 atquo
1728 563 1811 619 opere
1821 552 1872 608 ad-

1083 643 1092 676 r
1113 624 1186 694 jutor
1196 613 1292 677 debilis
1301 631 1328 677 et
1340 621 1452 692 pusillus
1466 618 1635 674 administer.

1118 711 1127 746 r
1149 691 1187 748 lta
1200 691 1313 748 Londini
1334 690 1522 760 transcriptum
1536 688 1610 757 prius
1625 689 1682 743 lieri
1695 703 1869 757 curareram,

1083 781 1093 816 r
1115 771 1145 817 ut
1157 778 1206 818 suo
1217 775 1384 831 unaquaeque
1402 759 1514 828 epistola
1528 759 1705 828 quaternione
1716 761 1873 818 continere·

1083 851 1093 884 r
1115 832 1282 894 tunlerum,
1289 830 1352 885 dum
1360 845 1393 884 es
1401 830 1444 884 bis
1453 827 1676 898 quaternionibus
1685 828 1713 883 in
1726 831 1870 899 spissiores

1083 920 1093 953 r
1116 900 1240 956 loliorum
1268 899 1411 954 fasciculos
1440 897 1556 954 secunda
1578 911 1660 951 manu
1683 907 1869 970 congeruntur

1083 988 1094 1022 r
1113 970 1241 1040 epistolae,
1257 982 1308 1024 nec
1318 982 1383 1024 suus
1397 968 1542 1037 unicuique
1551 966 1704 1035 assignatur
1714 970 1865 1036 quaternio,

1084 1057 1094 1091 t
1113 1040 1179 1095 ordo
1190 1039 1217 1093 in
1227 1053 1278 1093 ms.
1291 1046 1414 1092 seruatus
1423 1035 1608 1091 intervertitur
1618 1039 1791 1094 amanuensis
1801 1040 1872 1097 osci·

1085 1128 1093 1160 r
1115 1109 1209 1163 tantia.
1226 1107 1279 1162 Sed
1290 1108 1351 1177 quis
1365 1105 1447 1161 inerit
1462 1105 1529 1160 ordo
1543 1103 1598 1168 ilie,
1610 1105 1676 1161 satis
1685 1109 1867 1176 apparebiten

1084 1197 1094 1229 t
1115 1192 1228 1232 numero
1250 1176 1374 1233 loliorum
1389 1191 1440 1231 ms.
1455 1174 1567 1239 codicis,
1584 1174 1700 1245 singulis
1721 1186 1801 1247 prout
1820 1193 1871 1236 ex-

1084 1266 1095 1300 r
1115 1247 1223 1314 scripta
1236 1256 1298 1300 sunt
1307 1245 1428 1316 epistolis
1441 1243 1528 1299 affluo.

1118 1335 1129 1368 r
1152 1317 1215 1371 llaec
1239 1316 1335 1383 raptim
1360 1315 1512 1370 scribebam
1524 1312 1638 1370 Parisiis
1657 1329 1685 1368 ut
1706 1314 1869 1373 ldnsllartii

1084 1404 1094 1437 r
1117 1384 1230 1441 licead
1244 1399 1322 1438 usum
1333 1384 1547 1438 reverendissimi
1559 1391 1587 1438 et
1600 1383 1774 1440 illustrissimi
1785 1385 1818 1439 ll.
1834 1386 1868 1441 b.

1085 1474 1093 1506 r
1115 1453 1253 1517 Probenii,
1269 1453 1375 1508 abbatis
1388 1453 1516 1522 principis
1526 1451 1554 1509 S.
1569 1453 1733 1509 Emmerami
1744 1454 1870 1526 liatispo·

1085 1543 1094 1574 r
1116 1523 1225 1586 nensis,
1240 1524 1282 1577 cni
1303 1523 1416 1577 salutem
1430 1521 1573 1592 plurimam
1587 1523 1654 1578 dare
1667 1522 1748 1579 liceat
1761 1535 1789 1580 et
1805 1539 1863 1594 pre

1085 1610 1095 1644 r
1117 1592 1172 1647 cari
1189 1592 1275 1647 lausia
1292 1592 1392 1647 omnia.

1438 1680 1448 1712 r
1468 1661 1508 1716 ila
1526 1661 1688 1730 anputcrrt,

1156 1747 1166 1779 r
1180 1728 1269 1800 liepioe
1281 1731 1397 1800 inscript.
1409 1740 1433 1784 et
1443 1731 1515 1785 bum.
1527 1730 1578 1785 litt.
1589 1731 1736 1786 Academia·
1744 1739 1841 1788 melus.
1857 1755 1870 1786 s

251 1847 260 1879 r
282 1843 351 1883 rent.
367 1826 441 1880 lianc
463 1822 617 1893 appendicus
632 1821 691 1876 ioco
708 1821 829 1889 epistolis
840 1821 945 1877 Alcuini
968 1821 1031 1876 sub-
1048 1813 1070 1871 B
1120 1818 1483 1874 tltatirdoctissimussimul
1495 1818 1873 1892 acmodestissimus,cuipro

252 1915 262 1949 t
283 1903 390 1952 nectere
406 1891 497 1957 libuit,
520 1892 591 1960 quud
604 1906 658 1945 nnn
671 1891 805 1972 ingratum
821 1890 916 1947 iecisse
935 1905 979 1946 mc
990 1907 1034 1946 ar-

1083 1889 1189 1944 detecto
1210 1888 1261 1943 boc
1273 1893 1400 1943 tltesauro
1417 1888 1559 1951 litterario,
1583 1888 1629 1957 qui
1650 1903 1717 1950 sane
1732 1892 1822 1962 magni
1840 1892 1870 1946 in

252 1983 262 2017 t
283 1964 379 2028 bitror,
392 1962 499 2018 omissis
509 1960 621 2030 Pungali
637 1960 752 2025 litteus,
765 1976 833 2030 quas
844 1961 889 2016 bic
900 1961 1034 2016 indicasse
1083 1958 1259 2012 historialam
1270 1957 1342 2012 ciuili
1352 1972 1433 2026 wasa
1443 1958 1626 2012 ecclesiastica
1639 1958 1769 2014 mutari
1778 1960 1870 2025 debet,

252 2052 262 2086 t
285 2033 408 2090 sufficiat.

286 2121 296 2154 r
317 2101 377 2157 lion
390 2113 616 2168 supervacaneum
635 2114 699 2155 sanc
712 2099 846 2156 duxissem
860 2106 943 2153 mlum
956 2100 1033 2154 codi-

252 2188 261 2223 r
284 2170 539 2237 cemesscripsisse3
556 2167 786 2224 serimibi'aiiisim
814 2168 878 2223 dito
888 2168 1031 2224 nonlicuit.

251 2258 261 2291 r
283 2239 311 2294 id
324 2240 428 2293 latitem
443 2237 470 2291 in
484 2252 527 2292 me
537 2239 648 2307 sumpsi,
661 2247 690 2292 ut
703 2252 771 2307 quas
806 2237 906 2292 sserius
918 2238 1033 2292 ineditas

250 2327 260 2359 r
282 2310 410 2364 docuerat
425 2307 529 2362 Alcuini
546 2307 683 2377 epistolas,
694 2322 756 2364 cum
771 2321 817 2359 eas
838 2321 888 2362 nec
916 2308 1032 2363 asterius

249 2396 260 2430 r
282 2378 368 2433 editas
376 2376 615 2446 deprehenderem,
625 2391 747 2432 curarem
763 2376 916 2439 transcribi,
930 2376 1030 2439 addita,

249 2467 259 2498 r
281 2461 361 2516 quam
376 2446 455 2500 modo
469 2445 588 2511 laudaut,
603 2445 691 2501 Caroli
707 2443 792 2516 liugai
805 2444 918 2515 epistola
936 2445 1031 2501 itidem

250 2534 260 2568 r
282 2516 411 2572 hactenus
423 2514 534 2569 inedita.

284 2603 294 2636 r
315 2583 374 2654 ipse
388 2584 438 2638 itas
451 2597 546 2639 omnes
558 2598 618 2638 cun
633 2583 725 2638 codice
740 2598 790 2637 ms.
806 2584 906 2638 contuli
919 2595 947 2638 et
960 2583 1032 2638 abir-

249 2671 259 2704 t
278 2668 353 2708 mare
363 2653 461 2718 ausim,
473 2650 670 2719 adenempiunr
682 2651 818 2722 archetypi
828 2653 1032 2708 accuratissime

249 2742 258 2774 r
281 2736 431 2792 expressas,
446 2720 550 2776 mendis
562 2720 643 2775 etiam
656 2735 715 2802 quaa
732 2720 835 2775 incuria
851 2722 950 2777 ueteris
964 2721 1032 2776 scri·

248 2791 366 2863 rptoris
384 2790 411 2846 in
426 2788 637 2859 maattseriptum
661 2798 836 2860 trrepserant,
864 2790 891 2845 in
915 2805 1031 2862 apogra-

248 2880 257 2912 ι
279 2861 364 2932 pbunt
379 2858 412 2918 ad
427 2858 555 2928 majorem
570 2858 648 2914 iidem
661 2859 807 2915 translatis.

282 2946 293 2981 r
315 2930 386 3001 liupo
407 2928 593 2984 emendatione
613 2928 640 2982 in
655 2927 721 2984 loeis
734 2943 788 2983 non
805 2930 915 2998 paucis,
936 2930 991 2985 imo
1004 2938 1032 2984 et

247 3016 257 3049 r
280 2998 307 3053 in
339 2998 442 3053 iuribus
455 2997 634 3053 illustratione
645 2997 765 3069 indigent
778 2999 897 3067 epistole
909 2998 974 3070 iliae,
983 3000 1031 3054 sed

248 3084 258 3118 r
280 3014 343 3123 huic
353 3067 438 3122 labori
448 3067 617 3136 suscipiendo
630 3081 736 3138 oecepo
745 3083 873 3138 parsum,
884 3083 933 3123 nec
944 3070 1028 3123 otium

248 3152 258 3186 r
281 3135 347 3190 mibi
367 3134 455 3190 datur.
481 3134 553 3192 Satis
572 3135 663 3201 inerit,
678 3137 701 3191 si
720 3138 748 3191 iu
769 3136 886 3206 Operum
906 3138 1027 3192 omnium

248 3223 258 3257 r
280 3203 385 3261 Aletrini
404 3205 590 3260 collectionem
605 3221 620 3260 a
634 3206 790 3263 doctissimo
805 3206 863 3260 tiro
876 3220 938 3261 aum
956 3208 1031 3261 omtti

450 3358 479 3431 4
493 3372 506 3401 ⁸
519 3358 684 3415 Epistula
702 3358 816 3413 PliibiA.

478 3445 513 3483 aa
531 3443 646 3484 usatcuu
665 3444 750 3484 nucsu
765 3430 790 3482 b.

545 3497 634 3566 (Auno
648 3497 723 3569 llll.)

244 3586 347 3642 murt
361 3585 435 3641 illnnt
447 3581 478 3640 rt
490 3584 606 3640 studiant
622 3602 705 3642 sucre
718 3585 835 3641 lectionis
850 3596 875 3640 et
892 3587 1029 3642 bumilita-

279 3665 347 3742 tgntf
357 3664 427 3737 optut
436 3654 477 3708 ilii
489 3655 623 3709 uictoriam
635 3655 760 3740 mmmm
767 3654 904 3725 infideles:
925 3658 1028 3739 pietatis

279 3724 634 3861 ‘Jwffsspnffefflffrm
651 3734 771 3796 proponat
794 3735 913 3780 undum
937 3726 1031 3780 Ponit·

278 3881 438 3937 Venerando
447 3881 506 3937 tiro
519 3880 616 3939 Aerico
631 3882 702 3950 duci,
717 3882 831 3940 Albinus
844 3879 973 3959 magister
982 3904 1028 3942 sa-

244 3970 338 4030 tutae.

277 4060 350 4118 Satis
362 4062 428 4118 mibi
443 4077 527 4118 sacrm
543 4063 667 4120 lectionis
684 4065 800 4121 intentio
815 4076 843 4123 et
854 4069 906 4138 pias
921 4068 1030 4122 bumili-

242 4151 307 4206 tatis
320 4153 488 4208 conversatio
500 4153 588 4224 placet
598 4153 625 4207 in
638 4155 726 4221 uobis,
739 4163 767 4209 et
784 4157 812 4211 itt
826 4173 879 4228 qua
891 4173 957 4213 meac
968 4175 1030 4228 par·

241 4241 334 4296 sitatis
348 4239 518 4297 familiariter
534 4243 748 4300 mansiunculam
764 4247 875 4304 uisitare
890 4266 941 4305 nou
954 4266 1029 4319 spre-

242 4329 328 4386 vistis.
348 4329 424 4387 Unde
444 4339 473 4387 et
495 4331 597 4400 gratias
618 4334 724 4404 aqimus
745 4344 842 4393 vestrm
861 4339 1028 4410 benignitati,

242 4416 380 4488 licumque
392 4417 564 4476 dilectissime
574 4420 627 4493 [Al.
639 4422 853 4499 diligentissime]
873 4444 923 4498 pro
938 4438 1028 4485 uestra

242 4507 418 4577 deprecamur
440 4509 587 4578 sospitate,
624 4522 758 4583 quatenns
786 4525 838 4573 tute
864 4517 1029 4576 fortitudinis

242 4595 379 4651 dexteram
400 4605 493 4653 contra
514 4598 684 4659 aduersarios
706 4606 791 4661 sancti
805 4606 846 4661 sui
860 4607 1029 4664 nominisui·

241 4688 353 4744 cineam
366 4689 465 4760 ubique
481 4688 563 4745 iaciat
581 4702 607 4746 et
620 4694 654 4747 ab
670 4696 743 4750 omni
757 4697 920 4752 adversitate
938 4699 1030 4755 diabn

241 4778 300 4835 lice
314 4778 426 4846 irandis,
440 4797 487 4836 seu
502 4795 518 4835 a
534 4784 638 4838 curretis
652 4784 820 4841 inimieorum
836 4787 949 4851 insidiis,
970 4805 1027 4844 sure

242 4885 345 4941 magnae
362 4871 472 4941 pietatis
490 4871 608 4942 potentia
623 4872 769 4931 clementer
781 4876 933 4931 custodiat:
947 4876 1025 4947 cujus

240 4958 439 5015 raucissimatn
459 4959 623 5017 volunlatem
643 4963 669 5018 in
689 4966 876 5022 obseruatione
888 4968 1026 5024 madata-

276 5079 290 5108 ·
309 5068 492 5143 llaecepistola
513 5071 584 5128 inter
604 5071 786 5141 Quercetanas
802 5078 848 5144 tlt,
865 5079 1026 5137 interduci-

240 5203 357 5287 Operum
374 5211 458 5266 sancti
480 5209 583 5266 Paulini
621 5216 763 5272 atriarcbae
782 5216 962 5287 Aquileiensis
976 5221 1026 5276 Pa·

240 5273 360 5344 troloqtae
371 5285 443 5334 tomo
454 5279 485 5346 C,
499 5280 549 5335 col.
567 5230 635 5348 big,
652 5287 751 5357 scripta
765 5288 872 5343 uidetur
885 5291 976 5345 statim
990 5293 1025 5346 ab

1082 2034 1172 2098 grates
1184 2035 1328 2096 perpetuas
1340 2026 1455 2081 babeant
1468 2027 1566 2081 entditi
1578 2041 1682 2081 omnes.

1120 2096 1255 2151 ‹Errores
1270 2096 1369 2151 ueteris
1380 2095 1519 2164 scriptoris
1532 2095 1558 2149 in
1570 2104 1644 2151 textu
1656 2096 1796 2152 emendati
1810 2098 1871 2167 qni·

1082 2167 1153 2232 dem,
1174 2164 1288 2221 lectione
1302 2175 1393 2220 tamen
1415 2164 1516 2220 codicis
1539 2173 1639 2229 notata,
1665 2166 1807 2236 uterqditi
1826 2167 1872 2240 ju·

1082 2236 1174 2291 dicare
1193 2234 1297 2304 possint
1317 2250 1381 2290 nutn
1401 2243 1493 2289 nostra
1517 2236 1650 2291 correctio
1668 2237 1704 2291 sit
1730 2239 1868 2305 probanda
1946 2297 1955 2301 ,

1082 2305 1124 2359 uei
1137 2304 1321 2373 improbanda.

1119 2373 1260 2443 ‹Epistola
1276 2373 1364 2429 Caroli
1379 2373 1465 2445 liugai
1480 2372 1513 2428 ati
1527 2373 1682 2429 Michaelem
1694 2374 1770 2445 imp,
1788 2390 1870 2445 quam

1080 2443 1124 2498 uir
1134 2444 1300 2499 clarissimus
1308 2443 1475 2499 Alcuiaiauis
1483 2443 1639 2513 appendicis
1649 2443 1869 2508 locosubnesnlt,

1082 2512 1127 2567 ilia
1145 2521 1187 2568 est
1199 2527 1279 2583 quam
1296 2512 1366 2567 idem
1387 2511 1482 2583 legatis
1500 2512 1567 2577 suis,
1584 2512 1720 2570 Amalario
1741 2513 1869 2585 episcopo

1082 2582 1252 2646 lundrensi,
1276 2588 1304 2636 et
1323 2581 1405 2636 Petro
1416 2581 1506 2637 abbati
1520 2580 1720 2647 lionautttlauo,
1738 2596 1789 2651 pto
1803 2598 1870 2654 paca

1078 2647 1153 2707 inter
1171 2659 1315 2719 utrumque
1336 2651 1477 2720 imperium
1494 2650 1678 2707 confirmanda
1701 2651 1811 2715 missis,
1836 2653 1871 2707 ad

1080 2719 1222 2790 prelatum
1237 2721 1427 2788 intpemtorem
1441 2734 1494 2774 una
1517 2735 1577 2775 cum
1602 2721 1780 2776 instrumento
1796 2721 1872 2789 pacis

1081 2788 1253 2846 deserendam
1263 2789 1382 2844 tradidit.
1391 2788 1531 2845 lilamloco
1542 2798 1693 2859 opportuno
1705 2789 1776 2845 inter
1786 2803 1868 2857 opera

1081 2858 1194 2913 Alcuino
1213 2859 1349 2929 supposita
1366 2858 1498 2940 dabimus,
1521 2868 1582 2940 post
1599 2859 1717 2940 ejusdem
1741 2858 1871 2913 Antalaril

1080 2927 1874 3078 titulati,iiiiii'utititatbiitttitiiti

1081 3075 1161 3123 tenus
1175 3082 1281 3136 quoque
1294 3068 1488 3130 desudemtum,
1502 3074 1530 3119 et
1544 3066 1664 3135 eptstolts
1681 3065 1751 3120 tibus
1763 3065 1797 3120 ati
1817 3066 1871 3123 Po·

1084 3145 1154 3192 trum
1167 3137 1270 3192 itineris
1280 3135 1392 3200 socium,
1401 3133 1532 3203 hujusque
1543 3135 1720 3205 responsoriis
1731 3136 1874 3206 bucusque

1082 3207 1184 3275 pariter
1195 3206 1329 3261 ineditis.»

1080 3376 1139 3415 rum
1157 3360 1239 3424 illius,
1252 3370 1383 3431 quantum
1398 3361 1522 3414 bumanae
1533 3359 1660 3430 possibile
1673 3360 1710 3415 sit
1721 3358 1871 3430 irapililati,

1078 3448 1259 3504 intentissime
1273 3447 1401 3515 efficiens,
1417 3455 1448 3503 nt
1461 3455 1487 3504 te
1501 3448 1527 3502 in
1538 3449 1675 3518 prosperis
1690 3463 1785 3519 regere
1800 3460 1829 3505 ct
1843 3452 1872 3506 in

1079 3540 1200 3595 adversis
1211 3549 1353 3612 pmtegere
1365 3541 1500 3611 dignetur.
1515 3539 1595 3595 Plura
1612 3541 1671 3605 tibi,
1682 3542 1724 3596 sir
1733 3556 1871 3597 ¹uenerar-

1080 3631 1123 3699 dc,
1132 3630 1165 3686 de
1173 3629 1334 3687 christianae
1345 3633 1455 3704 pietatis
1466 3632 1655 3689 obseruatione
1667 3631 1736 3688 lette
1746 3634 1871 3704 scripsis-

1080 3735 1147 3786 sem,
1174 3721 1196 3775 si
1219 3721 1268 3776 tibi
1289 3722 1384 3778 doctor
1400 3722 1525 3795 egregius
1547 3731 1575 3779 et
1595 3724 1655 3793 pius
1674 3724 1793 3786 ctu-lestis
1809 3724 1871 3779 ritae

1079 3820 1230 3882 preceptor
1251 3811 1380 3868 Paulinus
1399 3828 1476 3868 meus
1491 3824 1516 3877 0,
1541 3820 1640 3882 presto
1659 3827 1713 3868 uon
1738 3821 1820 3879 esset,
1837 3815 1871 3869 do

1080 3902 1156 3970 cujus
1177 3902 1259 3958 corde
1276 3913 1384 3959 emanat
1405 3902 1465 3960 ions
1489 3905 1604 3960 viventis
1627 3919 1717 3973 aqua,
1739 3904 1766 3959 in
1786 3904 1869 3959 uitam

1080 3991 1201 4047 salientis
1214 4000 1343 4048 aeternam
1360 3992 1449 4064 (loun.
1467 4008 1504 4060 tu,
1517 3993 1572 4062 ii).
1603 3991 1678 4047 iilum
1701 3992 1800 4048 baleus
1818 3992 1869 4049 til-l

1080 4083 1175 4139 salutis
1187 4090 1294 4139 aeterum
1305 4082 1523 4150 conciliatorem,
1535 4099 1569 4139 ne
1581 4083 1676 4137 alicubi
1690 4089 1742 4137 ture
1753 4097 1869 4137 conuer-

1081 4175 1194 4231 sationis
1218 4190 1266 4245 pes
1291 4173 1442 4245 impingat:
1465 4175 1512 4228 sed
1535 4181 1609 4228 recto
1624 4172 1721 4226 itinere
1742 4187 1866 4236 currens,

1080 4264 1172 4320 divina
1183 4264 1298 4319 donante
1312 4263 1408 4335 qratia,
1423 4263 1456 4318 ad
1469 4271 1604 4334 perpetuae
1615 4271 1708 4332 portas
1727 4262 1790 4317 ritu
1806 4277 1868 4334 per·

1081 4357 1173 4409 uenire
1189 4364 1335 4410 mereatur.
1356 4355 1422 4410 lise
1435 4362 1463 4409 et
1473 4354 1532 4409 saie
1544 4353 1660 4411 feliciter
1669 4354 1697 4410 in
1707 4362 1847 4410 aeternum.

1329 4463 1355 4535 5
1373 4464 1387 4504 i
1404 4463 1569 4522 EPISTULA
1587 4465 1619 4520 ll.

1381 4550 1414 4588 tn
1433 4551 1566 4590 uanosuu.

1372 4603 1472 4672 (Anto
1491 4603 1576 4677 790.)

1081 4671 1160 4726 Iiirtnt
1175 4681 1330 4755 prnscttlcnt·
1339 4673 1432 4728 laedere
1443 4673 1572 4757 desiderat
1583 4676 1726 4757 pitcrtotur
1738 4679 1774 4757 ud
1786 4679 1868 4735 soler-

1116 4751 1166 4794 tem
1182 4757 1273 4794 cnrorn
1287 4758 1434 4796 nrtrmurum
1448 4760 1496 4798 sno
1513 4760 1630 4814 reptnuur
1646 4749 1866 4812 commissorum:

1116 4807 1277 4863 Laidrarlnnt
1291 4809 1401 4866 salutari
1416 4828 1447 4865 cn
1467 4814 1506 4876 it,·
1523 4829 1551 4867 sc
1563 4831 1622 4867 uero
1635 4814 1666 4867 ab
1680 4819 1751 4886 requi
1764 4820 1865 4872 nonta-

1115 4890 1167 4933 tem
1180 4879 1266 4932 adine
1280 4880 1308 4934 itt
1321 4882 1408 4951 putria
1421 4881 1431 4954 (
1456 4881 1538 4952 apliu)
1551 4884 1656 4938 retineri
1671 4885 1811 4955 ripnr'ficnt.

1115 4968 1218 5024 Dilecto
1231 4966 1303 5024 Patri
1319 4969 1422 5039 Aquilae
1435 4971 1561 5041 episcopo
1576 4972 1690 5030 Albinus
1704 4975 1829 5032 salutem.

256 5136 263 5150 .
511 5142 517 5154 ,
1112 5082 1126 5122 b
1145 5081 1253 5136 Aerictts
1265 5082 1299 5137 ab
1308 5082 1367 5137 aliis
1378 5081 1517 5146 Henricas,
1538 5083 1633 5141 Erirus
1647 5096 1675 5142 et
1688 5085 1801 5142 Edcirts
1816 5103 1831 5143 a
1852 5120 1865 5130 -

241 5150 331 5192 stanes
350 5139 385 5196 53
406 5149 457 5196 est.
486 5141 551 5197 Vtro
571 5142 720 5202 clarissimo
745 5147 872 5203 lindrisio
890 5149 1024 5216 Uticensi,
1073 5152 1198 5225 pellatur,
1219 5152 1364 5220 provincio
1387 5152 1576 5223 Foroiuliensis
1590 5156 1643 5211 dua
1667 5172 1683 5210 a
1701 5155 1799 5213 carolo
1812 5106 1865 5212 lfa-

1073 5222 1347 5349 ffiromustitumsest
1358 5237 1428 5275 auno
1448 5222 1515 5288 7873
1539 5224 1571 5278 de
1586 5240 1619 5280 eo
1650 5225 1708 5280 lura
1722 5227 1864 5298 videaputl

1101 5291 1229 5348 adrisium
1245 5289 1296 5344 loc.
1311 5290 1359 5345 cit.
1373 5290 1399 5343 iu
1423 5292 1531 5347 dissert.
1555 5293 1581 5348 itt
1605 5294 1717 5350 labrum
1732 5296 1866 5352 Exhorta-

239 5342 356 5429 adtentu
369 5345 457 5404 Aerlcl
471 5349 546 5405 ducis
558 5349 731 5424 Porojttliom,
745 5357 797 5412 boc
812 5366 864 5420 est,
878 5359 1023 5414 anatolii.
1074 5362 1155 5418 tionis
1169 5359 1254 5415 saneti
1273 5357 1387 5412 Paulini.

242 5410 385 5470 ‹Boentm
401 5422 537 5499 tempore,
554 5421 614 5486 ait,
633 5422 763 5481 Aicuinus
779 5426 1024 5492 Franciam,unde
1110 5427 1364 5483 sPunlinnsrnens.
1379 5427 1463 5499 liuius
1478 5431 1566 5486 Vitam
1581 5447 1628 5504 egr
1662 5433 1864 5491 icillnstratnnr

239 5482 318 5554 pattid
329 5494 392 5541 ante
402 5485 563 5544 discesserat
572 5489 704 5571 licnncus
716 5495 861 5568 (bericus),
875 5496 1021 5562 incolebat,
1075 5498 1109 5558 ab
1121 5498 1215 5556 eodem
1231 5498 1290 5552 uiro
1309 5497 1459 5554 clarissimo
1471 5499 1598 5558 bladrisio
1614 5505 1639 5558 ri
1659 5518 1674 5559 e
1690 5504 1718 5559 in
1731 5502 1865 5577 Operibus

239 5551 439 5676 εέεηιοῳηω
461 5555 625 5624 protioctam
645 5561 759 5622 ducatus
781 5566 859 5628 adiit,
878 5565 1022 5622 alcuinum
1076 5568 1163 5624 saneti
1180 5565 1284 5620 Paulini
1305 5566 1339 5621 ab
1360 5567 1405 5622 illo
1419 5567 1507 5625 editis.
1521 5571 1648 5628 Paulinus
1661 5587 1726 5632 netu
1739 5573 1865 5643 prauum

287 5619 357 5676 isere
366 5624 471 5693 potuit,
493 5625 594 5681 munita
616 5625 684 5684 iorle
695 5632 789 5688 salutis
801 5642 910 5691 eternae
920 5636 954 5689 ad
964 5650 1024 5691 sus·

240 5697 346 5760 ceptum
369 5706 437 5764 opus
457 5691 515 5748 sine
535 5691 581 5747 bet
608 5695 710 5753 offensa
734 5701 925 5756 enuntiandum
943 5719 1024 5775 expo

241 5760 396 5817 stulatoms.
413 5779 423 5812 u

1070 5637 1183 5698 Aerico,
1201 5635 1271 5705 quod
1284 5634 1411 5693 Aicuiuas
1423 5639 1468 5695 bie
1479 5650 1565 5711 optut,
1577 5657 1626 5713 per
1636 5641 1747 5700 Libmm
1761 5642 1866 5699 ilsbur⁴

1078 5704 1187 5762 tationis
1200 5705 1244 5774 qui
1258 5715 1345 5764 exstat
1358 5707 1467 5766 ibidem.

1112 5775 1126 5816 t
1144 5774 1207 5830 llzec
1218 5775 1330 5845 epistula
1345 5778 1459 5834 babetur
1476 5779 1503 5832 itt
1523 5781 1582 5833 eod.
1596 5795 1648 5838 ms.
1663 5755 1863 5849 Saltiburqune
