4075 6192
193 281 246 337 eal
296 349 305 362 Ι
590 277 795 334 exscertus.
815 307 851 320 -
869 275 1047 332 COHMENT.
1067 276 1100 331 ln·
1119 275 1214 332 idad.
1235 307 1269 317 —-
1290 277 1352 334 ltu.
1372 277 1422 332 tlt
1771 283 1824 340 tiss

190 387 248 462 qul]
263 395 364 443 sancte
386 384 584 455 praedicationis
600 399 666 439 voce
685 383 859 439 stabilitatem
873 391 980 438 aeterne
994 388 1018 447 Α
1032 385 1059 441 in
1070 385 1180 440 denario
1189 385 1228 457 [et
1238 387 1332 458 gratiae
1342 387 1370 441 in
1382 386 1556 462 septenariae
1567 389 1824 466 wemoster

189 478 285 553 patriae
299 473 422 530 fidelibus
435 474 561 528 ostendit.
592 469 648 528 lloc
662 470 828 543 egitrerhis,
853 473 904 528 boc
926 473 983 542 epi·
1035 476 1170 531 convertit.
1208 476 1262 532 Sed
1274 476 1351 547 plura
1362 487 1476 547 possunt
1490 479 1553 535 inde
1561 483 1725 540 considerari
1737 484 1825 542 mmi-

190 566 278 624 stolis.
289 561 404 632 boaagit
415 562 535 631 quotidie
547 560 739 615 miraculorum
751 562 846 632 signis.
872 559 984 628 Quoties
1035 567 1138 621 ratione
1152 567 1242 639 digna,
1266 584 1325 638 quae
1337 568 1416 635 hrtjus
1428 571 1557 639 temporis
1566 574 1688 643 angustia
1700 575 1824 644 prohihet

191 672 241 729 per
256 652 363 710 eumad
388 666 506 705 arnorem
532 651 631 721 quietis
656 661 764 706 aeterne
789 652 982 715 convertimur,
1031 673 1085 713 nos
1096 660 1186 713 omnia
1202 658 1301 714 dicere,

192 745 299 819 quoties
311 743 337 816 [a
352 740 629 814 terrenarum]rerum
645 741 802 797 tumultibus
816 756 983 811 separamur,
1070 745 1123 801 Sed
1137 746 1201 816 quid
1212 755 1253 801 cst
1263 747 1333 817 quod
1341 747 1505 817 Redemptor
1514 757 1607 805 nomer
1614 752 1719 821 piscem
1734 769 1823 812 ossum

192 837 258 910 quid
275 834 347 890 aliud
357 848 438 904 quam
451 834 525 888 missi
540 833 610 887 intra
624 830 750 887 retelrdei
762 832 850 902 pisces
863 832 897 887 ad
910 831 985 886 littus
1020 844 1095 906 -post
1110 838 1333 892 resurrectionem
1347 838 1533 907 manducauit3
1543 850 1572 894 et
1583 841 1610 896 in
1621 842 1673 898 alio
1680 843 1826 914 Evangelio

194 926 345 984 trahimur?
364 923 417 980 Sed
429 940 491 980 cum
501 932 558 978 rete
568 923 687 994 piscihus
706 923 810 993 magnis
826 921 934 991 plenum
948 922 986 978 di·
1035 926 1143 990 dicitur,
1168 941 1228 981 cunt
1247 928 1320 996 pisce
1345 943 1406 982 asso
1420 928 1510 985 iarum
1523 931 1626 997 mellis,
1654 934 1681 988 in
1695 934 1748 989 isto
1762 951 1827 991 atero

193 1017 275 1081 citur,
300 1015 410 1070 additur
423 1022 451 1067 et
464 1012 581 1082 quantis,
607 1013 711 1068 scilicet
733 1021 840 1068 centum
854 1013 986 1084 quinqua·
1034 1031 1131 1086 panem
1140 1031 1200 1071 cum
1211 1017 1304 1085 pisce?
1320 1017 1486 1083 «Quidenim
1500 1022 1582 1088 piscis
1593 1039 1672 1079 assus
1682 1027 1825 1096 signifieat,

194 1109 269 1179 pinta
286 1106 383 1162 tribus.
413 1104 545 1175 hmagno
566 1104 695 1174 mysterio
714 1104 907 1159 istenumerus
932 1118 986 1158 non
1035 1106 1087 1161 uisi
1097 1106 1233 1162 Christum
1247 1107 1372 1176 passum?
1411 1104 1480 1173 Quid
1492 1108 1570 1164 larus
1583 1111 1678 1174 naulis,
1690 1115 1741 1167 alsi
1757 1115 1827 1169 [tiri-

193 1204 285 1260 vacat,
298 1195 347 1250 sed
357 1194 474 1248 intentos
487 1207 534 1247 ros
549 1192 616 1246 tanti
630 1192 751 1263 mysterii
760 1191 928 1262 profunditas
939 1206 987 1246 ex·
1035 1197 1130 1252 nitatis
1144 1196 1328 1252 dulcedinem?
1366 1196 1451 1252 Piscis
1463 1207 1515 1264 est,
1535 1201 1599 1269 quia
1613 1201 1669 1270 ipse
1693 1201 1777 1258 latere
1789 1205 1827 1260 di·

193 1294 310 1359 spectat.
338 1283 429 1353 Neque
443 1283 541 1337 etenim
554 1283 712 1352 quantitatis
721 1299 853 1338 summam
874 1283 987 1338 solerter
1035 1294 1133 1356 gnatus
1157 1285 1184 1339 in
1198 1285 1403 1354 aquisgeneris
1418 1286 1538 1349 humaui,
1557 1289 1617 1357 capi
1630 1288 1714 1344 uoluit
1731 1289 1826 1360 laqueo

195 1375 363 1448 evangelista
388 1372 562 1442 exprimeret,
581 1372 632 1428 nisi
654 1373 725 1428 banc
751 1381 921 1429 sacramento
933 1373 988 1443 ple
1037 1376 1133 1432 mortis
1147 1383 1254 1438 nostrae,
1269 1384 1299 1429 et
1311 1376 1387 1444 quasi
1406 1375 1578 1430 tribulatione
1588 1386 1692 1432 assatus
1703 1387 1745 1433 est
1760 1388 1828 1434 tem·

195 1483 260 1522 nant
271 1481 331 1520 esse
340 1463 497 1532 judicasset.
539 1462 620 1517 Scitis
633 1479 749 1532 namque
774 1465 846 1535 quod
861 1465 888 1518 iu
902 1472 985 1519 testa·
1036 1479 1102 1533 pore
1114 1462 1246 1533 passionis
1263 1479 1330 1517 suae.
1353 1462 1405 1519 Sed
1417 1465 1462 1534 qui
1474 1465 1555 1534 piscis
1566 1481 1643 1521 assus
1658 1465 1715 1521 ieri
1733 1468 1827 1540 digna·

196 1562 288 1610 mento
300 1552 385 1607 veteri
400 1549 489 1605 omnis
507 1553 629 1620 operatio
642 1567 691 1621 per
714 1553 837 1622 Decalogi
861 1555 986 1608 mandata
1037 1560 1081 1607 tus
1092 1560 1132 1607 cst
1147 1553 1174 1606 in
1194 1553 1329 1622 passione,
1345 1551 1422 1607 latus
1435 1553 1522 1608 mellis
1534 1556 1610 1609 nohis
1623 1557 1727 1610 exstitit
1739 1558 1767 1611 in
1780 1572 1824 1613 re·

194 1641 367 1711 precipitur:
380 1639 406 1693 iu
418 1654 488 1693 novo
501 1647 591 1695 aulem
603 1640 704 1695 eisdcm
711 1641 875 1711 operationis
888 1642 985 1708 uirtus,
1038 1642 1214 1696 surrectione.
1237 1641 1278 1694 dn
1289 1641 1335 1711 qui
1350 1642 1377 1696 in
1395 1642 1468 1709 pisce
1482 1657 1543 1698 asso
1559 1643 1667 1713 ligurari
1682 1646 1765 1701 rotutt
1780 1646 1828 1701 tri·

197 1746 246 1801 per
258 1730 439 1800 septilormem
453 1731 566 1800 gratiam
577 1732 663 1787 sancti
684 1731 800 1801 Spiritus
825 1727 1024 1804 ttrultipliea-·B
1038 1731 1202 1787 bulationem
1213 1731 1345 1800 passionis
1365 1745 1430 1796 sue,
1455 1732 1481 1785 in
1494 1730 1555 1785 lavo
1578 1733 1665 1788 mellis
1688 1742 1830 1804 utramque

199 1822 235 1876 tis
247 1819 370 1875 fidelibus
382 1819 475 1873 datur:
496 1835 576 1889 quem
585 1818 721 1889 Propheta
731 1821 892 1878 denuntians
904 1822 985 1876 dicit:

197 1909 310 1981 Spiritus
317 1909 450 1980 sapientie
460 1919 482 1963 et
492 1907 647 1975 intellector,
655 1912 762 1981 spiritus
769 1911 872 1965 consilii
879 1920 903 1963 et
913 1911 990 1981 [orti-

197 2000 308 2062 tudinis‚
319 1998 425 2070 spiritua
436 1999 550 2053 scientie
562 2009 585 2054 et
593 2001 706 2071 pictatia,
720 2010 743 2054 et
755 2000 859 2071 replebit
869 2018 927 2055 eum
937 2002 990 2071 spi·

199 2090 374 2144 ritustimoria
389 2088 494 2143 Penelei
507 2087 583 2161 (lsai.
600 2106 637 2156 ur,
649 2089 689 2161 i).
708 2090 761 2145 Sed
776 2090 819 2145 ille
833 2090 859 2144 ln
875 2091 926 2146 hoc
936 2088 990 2159 spi-

200 2179 988 2250 rituoperationempercipit,quiltdemTrinltatisagnoscit‚

1040 1829 1163 1876 naturam
1175 1819 1324 1889 exprimere
1331 1820 1618 1890 uoluitpersonaesuae?
1637 1822 1829 1894 Fut'usquippe

1040 1912 1093 1966 mel
1103 1911 1183 1984 642
1199 1914 1226 1967 in
1239 1928 1301 1967 cera
1317 1920 1372 1967 est:
1397 1913 1450 1968 mel
1462 1928 1526 1968 rero
1550 1915 1577 1967 in
1593 1929 1655 1969 cera
1667 1923 1710 1970 est
1735 1916 1830 1972 divini·

1042 2011 1083 2058 tas
1099 2003 1126 2057 iu
1138 2002 1314 2057 humanitate.
1328 2001 1414 2068 Quod
1425 2003 1460 2056 alr
1471 2003 1522 2057 hac
1533 2017 1638 2071 quoque
1652 2002 1768 2059 lectione
1777 2019 1829 2059 non

1041 2092 1190 2162 discrepat:
1207 2107 1269 2145 nam
1283 2092 1398 2146 comedit
1412 2093 1511 2162 piscem
1524 2100 1551 2146 et
1567 2107 1673 2161 panem.
1697 2091 1830 2159 Quicnim

1040 2180 1125 2234 assari
1137 2181 1255 2249 utpiseis
1266 2181 1352 2249 potuit
1366 2194 1399 2234 ex
1413 2181 1589 2244 humanitate,
1603 2196 1671 2251 paee
1685 2197 1734 2237 nos
1744 2183 1831 2239 reduit

198 2271 391 2339 ntelPatrem,
406 2273 545 2340 etFilium,
559 2283 586 2330 et
598 2275 722 2330 eumdem
730 2274 860 2343 Spiritum
869 2283 990 2331 sanetum
1040 2285 1075 2324 ex
1089 2270 1244 2334 divinitate,
1271 2271 1316 2339 qui
1334 2270 1372 2326 ait
1386 2288 1391 2323 :
1407 2268 1463 2340 Epo
1476 2286 1534 2324 auat
1547 2271 1622 2341 pauit
1637 2272 1718 2338 uirus,
1739 2274 1785 2343 qai
1798 2273 1832 2327 dc

199 2365 280 2419 troius
294 2364 401 2420 uirtutis
412 2364 514 2429 credat,
528 2366 608 2420 unius
621 2366 779 2421 substantie
790 2380 849 2420 esse
862 2365 989 2419 latentur.
1041 2357 1104 2412 coelo
1115 2358 1235 2413 descendi
1248 2356 1339 2431 (ioan.
1353 2375 1393 2423 tl,
1402 2357 1447 2421 Η,
1465 2357 1523 2429 52).
1538 2359 1638 2414 mm
1647 2361 1835 2432 etapium

199 2451 267 2518 Quia
281 2452 362 2522 igitur
374 2460 486 2521 septem,
513 2468 573 2522 quas
588 2453 712 2520 superius
727 2452 855 2518 diximus,
877 2466 926 2520 per
938 2451 993 2506 No·
1042 2450 1159 2504 comedit
1172 2458 1200 2503 et
1214 2464 1325 2517 pauca,
1343 2451 1441 2521 ὤμω
1452 2465 1501 2506 sno
1513 2451 1574 2505 crho
1585 2453 1662 2507 nobis
1677 2453 1831 2508 ostenderet

197 2556 263 2596 uum
281 2542 482 2596 Testamentum
499 2540 580 2596 latius
596 2542 657 2595 datu
671 2550 745 2605 sunt,
759 2542 852 2597 decem
865 2557 931 2596 reto
944 2557 993 2611 per
1042 2540 1107 2610 flio
1121 2549 1150 2594 et
1162 2540 1314 2610 passionem
1329 2555 1362 2594 ex
1375 2548 1469 2596 nostra
1483 2541 1650 2595 humanitate
1668 2542 1789 2610 pertulit,
1803 2550 1832 2597 et

197 2642 279 2688 ’aetus
291 2639 435 2702 praecepta,
461 2631 550 2686 omnis
563 2639 655 2686 nostra
668 2632 754 2687 virtus
767 2639 794 2686 et
806 2633 931 2701 metatio
943 2645 995 2702 per
1042 2629 1216 2686 relectionem
1235 2639 1356 2686 nostram
1377 2645 1410 2685 ex
1425 2644 1473 2684 sua
1501 2628 1642 2684 divinitate
1666 2632 1831 2699 procurarit.

203 2722 295 2778 decern
310 2728 336 2776 ct
350 2730 450 2792 septem
465 2721 543 2790 plene
562 2729 652 2792 potest
675 2719 875 2791 conprehendi.
907 2722 993 2775 Duca-
1042 2720 1309 2792 Notandumquoque
1320 2720 1392 2791 quod
1403 2718 1525 2774 ultimum
1539 2719 1690 2775 convivium
1703 2720 1833 2775 hominm

197 2823 263 2867 'mus
274 2826 338 2880 ergo
349 2825 399 2881 per
412 2811 546 2880 trigonum
561 2811 655 2865 dom
668 2817 694 2867 ct
709 2821 823 2880 septem,
844 2819 872 2865 et
882 2811 993 2866 renium
1042 2808 1105 2865 cum
1118 2820 1221 2881 septem
1244 2810 1381 2879 discipulis
1395 2810 1523 2864 habuisse
1544 2809 1714 2865 describitur.
1738 2809 1835 2867 Petrus

200 2901 398 2972 quinquaginta
420 2906 447 2953 et
470 2911 562 2953 ouum.
605 2898 658 2965 Qui
680 2900 801 2969 prolecto
824 2912 992 2953 numerosa
1043 2908 1200 2970 namquect
1222 2900 1351 2964 Thomas,
1378 2898 1629 2954 Nathanaeletlilii
1649 2900 1785 2964 Zebedaei,
1802 2908 1834 2955 et

201 3005 300 3060 magno
315 2989 443 3059 mysterio
456 3003 508 3043 non
523 2996 609 3052 uacat,
629 2988 692 3057 quia
709 2989 735 3041 in
755 2988 928 3041 Testamenta
940 2986 993 3041 Te·
1045 2991 1089 3045 alii
1101 3007 1133 3045 ert
1149 2990 1285 3060 discipulis
1301 2988 1360 3058 ejus
1376 2990 1429 3045 duo
1451 2989 1478 3043 in
1489 3005 1522 3044 eo
1542 2988 1625 3045 luisse
1638 2998 1833 3055 memorantur,

203 3082 257 3136 teri
270 3080 393 3150 hairum,
420 3078 490 3149 quod
506 3091 592 3134 ananus
616 3077 853 3148 quinquagesimus
869 3056 1030 3144 jubilaeusc
1044 3081 1099 3138 Cur
1113 3099 1174 3138 curn
1187 3093 1289 3152 septem
1302 3083 1441 3153 discipulis
1461 3083 1584 3138 ultimum
1597 3084 1749 3139 convivium
1763 3084 1835 3140 ceie-

201 3170 294 3224 vorari
306 3169 396 3238 jussus
410 3175 461 3233 cst,
490 3169 517 3223 in
533 3184 586 3239 quo
606 3168 731 3223 videlicet
752 3175 865 3222 cunctus
878 3164 1007 3252 populus
1042 3172 1114 3239 hear,
1139 3173 1189 3227 nisi
1201 3175 1264 3243 quia
1277 3189 1324 3229 eos
1337 3175 1532 3239 tantummodo,
1548 3175 1593 3245 qui
1605 3174 1754 3244 septiformi
1773 3190 1836 3247 qta-

204 3261 238 3316 ah
255 3261 326 3314 omni
352 3276 434 3329 opere
459 3260 641 3330 requiesceret
660 3259 754 3330 (derit.
773 3271 835 3323 xxv,
851 3255 905 3328 lt).
940 3254 993 3311 Sed
1045 3263 1081 3318 tia
1094 3264 1307 3336 sunctiSpiritus
1318 3267 1471 3335 plenisunt,
1484 3264 1722 3323 laturossccuntio
1733 3277 1834 3332 eterna

204 3363 267 3406 rera
286 3351 393 3420 requies
407 3351 433 3405 in
446 3351 550 3404 unitate
560 3358 609 3404 est.
629 3349 716 3403 Dividi
730 3349 829 3419 quippe
846 3363 928 3402 unum
940 3361 993 3401 non
1042 3353 1359 3412 resectionedenuntiatl
1395 3355 1504 3426 Septem
1517 3371 1623 3428 quoque
1638 3359 1733 3414 diebus
1755 3373 1836 3418 omae

205 3451 307 3514 potest:
322 3443 367 3497 ubi
383 3443 454 3496 enim
468 3442 585 3496 scissura
596 3439 735 3496 divisionis
746 3445 795 3506 est,
811 3455 875 3495 sera
888 3438 994 3507 requies
1044 3446 1096 3501 hoc
1118 3455 1224 3517 tempus
1247 3447 1393 3502 evolvitur:
1417 3456 1445 3502 et
1461 3463 1531 3519 sape
1544 3450 1698 3518 septenario
1722 3463 1837 3504 numero

203 3543 321 3589 nonest.
350 3535 484 3589 Ducamus
506 3550 569 3605 ergo
582 3547 630 3605 per
646 3534 780 3603 trigonum
800 3531 994 3603 quinquaginta
1044 3536 1353 3607 perlectiodcsignatur.
1385 3537 1425 3591 llli
1452 3553 1515 3606 ergo
1541 3538 1637 3593 ultimo
1665 3536 1837 3593 eonririoda

207 3633 233 3679 ct
245 3639 338 3689 unum,
365 3633 392 3679 ct
416 3623 484 3679 liunt
501 3632 608 3679 centurn
631 3623 824 3695 quinquaginta
838 3622 900 3676 tria.
926 3620 995 3688 Quia
1045 3626 1320 3693 praesentiarcritatis
1338 3625 1491 3692 epulantur,
1517 3626 1562 3692 qui
1576 3640 1648 3679 nune
1663 3624 1839 3693 perfectiouis

209 3713 292 3784 igitur
302 3723 329 3768 et
342 3715 429 3769 omnis
442 3714 562 3784 operatio
576 3721 669 3771 uestra
684 3714 803 3769 ctrirtus
816 3713 844 3766 in
871 3709 924 3766 lade
936 3711 996 3765 Tri·
1045 3715 1135 3769 studio
1147 3723 1251 3767 terrena
1266 3712 1468 3776 transcendunt,
1480 3728 1547 3781 quos
1560 3714 1653 3771 mundi
1668 3714 1746 3783 lituus
1759 3732 1837 3774 aanor

208 3805 301 3861 nitatis
315 3807 434 3862 exhibita
450 3808 483 3861 sd
497 3806 616 3875 requiem
629 3805 725 3869 tendit,
745 3811 846 3872 septem
862 3807 889 3854 ct
903 3801 996 3856 deeem
1046 3820 1100 3857 non
1111 3804 1207 3872 alligat,
1224 3803 1320 3870 quibus
1331 3803 1381 3856 etsi
1393 3810 1527 3875 utcunque
1539 3821 1587 3875 per
1599 3815 1766 3864 tentamenta
1783 3809 1834 3866 oh-

206 3904 250 3953 ter
264 3897 394 3958 ducimus,
408 3904 438 3950 ut
461 3897 494 3950 ad
511 3895 704 3964 quinquaginta
714 3899 741 3946 et
753 3906 836 3944 unum
850 3889 941 3943 tenire
951 3890 997 3942 dc·
1047 3890 1154 3957 strepit,
1178 3898 1265 3958 caepta
1279 3897 1368 3944 tamen
1382 3906 1475 3945 corum
1495 3895 1626 3949 desideria
1641 3913 1693 3951 non
1706 3898 1834 3953 retundit.

207 3987 328 4043 beamus.
355 3983 390 4039 [lt
401 4000 465 4038 uera
477 3993 569 4038 nostra
581 3984 685 4052 requies
698 3991 762 4036 tunc
771 3988 823 4045 est,
836 3996 897 4035 eum
911 3982 996 4050 ipsam
1048 3980 1085 4035 lte
1101 3980 1153 4034 hoc
1165 3988 1285 4035 extremo
1300 3981 1422 4037 conuiuio
1437 3982 1504 4037 alias
1517 3998 1565 4052 per
1582 3982 1712 4039 loannem
1724 3987 1839 4041 dicitur:

205 4084 262 4152 jam
277 4079 426 4133 claritatem
442 4077 581 4132 Trinitatis
592 4075 772 4147 agnoscimus,
792 4089 873 4144 quam
891 4074 918 4127 in
934 4073 998 4129 Uni·
1048 4069 1123 4125 Beati
1135 4073 1180 4143 qui
1190 4072 1224 4126 ad
1234 4089 1331 4127 seuam
1344 4074 1493 4148 nuptiarum
1501 4074 1568 4143 liqui
1579 4076 1663 4129 uocati
1676 4084 1735 4129 sant
1744 4075 1839 4145 (ripae.

210 4176 267 4223 tale
279 4166 427 4222 diuinitatis
439 4182 499 4221 esse
513 4171 616 4221 certum
629 4173 760 4220 tenemus.
800 4162 997 4235 Quinquaginta
1049 4161 1159 4234 xrx,9).
1190 4162 1291 4218 idcireo
1302 4163 1374 4217 enim
1388 4180 1440 4219 non
1453 4164 1486 4218 ad
1500 4165 1652 4232 prandium,
1673 4165 1719 4220 sed
1733 4165 1766 4219 ad
1783 4179 1838 4221 oo}-

211 4267 331 4314 etenum
342 4258 521 4326 terdecimus,
549 4266 576 4313 et
594 4258 741 4314 electorum
755 4272 887 4312 summam
912 4257 939 4311 in
954 4274 999 4313 su-
1049 4268 1112 4308 uam
1125 4262 1234 4310 uocatos
1245 4262 1345 4318 narrat,
1372 4255 1434 4324 quia
1450 4254 1577 4310 rrimirum
1600 4256 1625 4309 in
1641 4254 1695 4311 line
1706 4254 1758 4310 diei
1770 4270 1838 4310 eoo·

212 4352 294 4417 perna
309 4348 405 4418 patria,
425 4349 502 4417 quasi
515 4354 622 4404 centum
647 4346 840 4418 quinquaginta
862 4347 942 4402 trium
955 4346 998 4415 pi·
1049 4345 1149 4399 uirium
1162 4360 1237 4401 coena
1248 4355 1298 4400 est.
1324 4343 1374 4411 Qui
1386 4361 1449 4416 ergo
1461 4344 1537 4400 sinito
1547 4346 1688 4413 praesentis
1701 4348 1762 4401 ritae
1772 4354 1840 4400 tem·

212 4438 296 4493 scium
309 4451 452 4492 numerum
465 4447 596 4495 tenemus.
620 4437 684 4493 Post
695 4437 920 4493 resurrectionem
934 4452 1003 4492 sero
1013 4414 1040 4474 Β
1050 4452 1116 4507 pore
1123 4436 1156 4492 ad
1164 4434 1335 4491 relectionem
1347 4451 1469 4505 supernae
1475 4435 1707 4505 contemplationis
1716 4436 1840 4497 veniunt,

213 4525 319 4583 Domini
346 4528 457 4583 missurn
473 4537 530 4584 rete
543 4529 652 4600 dignerm
666 4529 726 4595 luit,
740 4537 824 4584 uttot
846 4530 933 4600 pisces
954 4543 999 4583 ca·
1051 4542 1104 4581 non
1128 4526 1162 4582 ad
1175 4525 1244 4595 hgni
1264 4525 1417 4596 prandium,
1441 4525 1488 4580 scd
1510 4525 1544 4579 ad
1568 4541 1674 4582 eoertam
1698 4536 1838 4582 secantur.

210 4628 298 4691 peret,
317 4628 382 4689 quot
394 4621 560 4676 solummodo
572 4622 672 4678 electos
685 4622 759 4678 cites
773 4636 895 4690 supernae
905 4620 1000 4691 patrie
1050 4618 1117 4685 Quae
1128 4618 1254 4674 videlieet
1264 4635 1340 4675 curua
1354 4621 1404 4675 hoc
1415 4620 1509 4677 ultimo
1524 4622 1646 4676 convitio
1668 4621 1839 4690 exprimitur,

214 4710 393 4780 designarent.
405 4729 413 4761 t
423 4710 470 4764 list
479 4725 584 4780 quoquc
597 4711 647 4766 alia
663 4712 815 4781 supputatio
825 4709 903 4779 banjos
913 4719 1001 4780 septe·
1053 4711 1095 4766 cui
1108 4719 1212 4780 septem
1222 4711 1344 4782 discipuli
1359 4713 1454 4768 adesse
1467 4721 1665 4780 memorantur,
1690 4715 1753 4782 quia
1770 4712 1841 4778 ilicis,

213 4800 282 4855 narii
298 4799 336 4873 [et
351 4798 466 4872 denarii]
480 4801 593 4856 numeri.
611 4801 679 4856 Nam
693 4803 715 4856 si
733 4804 767 4857 ah
780 4817 834 4857 uno
849 4816 941 4856 omnes
952 4817 1001 4855 nu·
1053 4810 1083 4856 ut
1096 4801 1223 4865 diximus,
1235 4809 1300 4857 tunc
1310 4801 1415 4858 interna
1427 4802 1540 4880 relectio
1549 4800 1627 4872 [Μὴ
1636 4800 1841 4875 relectiouelre·

214 4905 303 4947 meros
309 4900 448 4963 computes
459 4907 544 4962 usque
554 4892 687 4947 addeeem
700 4902 724 4948 ct
737 4901 838 4962 septem
848 4893 899 4948 hoc
906 4892 999 4946 modo:
1040 4897 1140 4959 parat,
1164 4889 1210 4959 qui
1221 4890 1291 4960 pleni
1303 4905 1373 4945 nuoc
1383 4890 1532 4961 septiformi
1543 4893 1630 4962 gratia
1642 4890 1843 4960 inamareSpi

214 4995 309 5049 unum,
323 4983 385 5048 duo,
400 4992 456 5040 tres
467 4983 550 5049 liunt;
566 4982 633 5039 adde
649 4993 715 5050 tres,
742 4984 809 5038 stunt
822 4999 884 5048 seu;
901 4984 944 5040 his
955 4983 1002 5038 ad-

213 5071 295 5144 junge
309 5084 434 5144 quatuor,
450 5075 516 5131 dunt
531 5074 638 5140 decem;
661 5074 704 5132 his
716 5074 842 5145 quinque,
854 5081 882 5128 et
892 5072 1004 5128 habebis

217 5165 385 5234 quindecim;
400 5175 428 5219 et
444 5168 482 5222 sie
496 5166 679 5222 crescentibus
688 5166 808 5222 numeris
822 5174 850 5220 et
873 5163 1003 5233 multipli-

218 5254 287 5309 catis
305 5268 391 5323 usque
404 5254 438 5308 ad
449 5251 542 5309 decem
558 5265 587 5311 et
597 5264 712 5328 septem,
741 5256 770 5308 lit
783 5254 1005 5309 omniurnnume-

217 5355 311 5398 rorum
324 5355 428 5396 somma
441 5341 564 5406 istorum,
578 5346 623 5411 qui
635 5343 847 5413 multiplicamur
856 5342 951 5397 ahuno
961 5355 1006 5395 us·

219 5445 273 5503 que
287 5432 322 5488 ad
336 5433 469 5488 decernet
483 5440 594 5501 septem,
611 5444 717 5490 centum
735 5434 928 5506 quinquaginta
942 5433 1004 5488 tria.

220 5521 285 5587 Quae
295 5522 459 5592 computatio
474 5521 606 5591 superiori
618 5523 814 5592 significationi,
831 5523 857 5579 ld
874 5530 924 5590 cst,
941 5521 1007 5592 legis

257 5643 270 5671 ⁸
290 5631 328 5685 En
343 5630 371 5686 S.
385 5629 465 5701 Aug,
480 5639 559 5686 tract.
576 5647 672 5698 exxrtr,
687 5648 761 5686 utrm.
779 5634 838 5689 t-5.

1054 4986 1122 5042 ritus
1135 4986 1274 5041 anbelant.
1289 5005 1299 5040 r

1093 5096 1103 5127 r
1118 5090 1130 5118 ³
1145 5078 1175 5132 ln
1186 5093 1219 5134 eo
1231 5080 1302 5148 quod
1315 5077 1394 5132 tertio
1408 5078 1608 5148 Dominuspost
1619 5071 1843 5132 resurreetiortom

1056 5167 1239 5224 manilestarit
1256 5183 1287 5226 se
1311 5168 1449 5238 discipulis
1462 5169 1529 5234 suis,
1555 5164 1843 5222 heatiJoanniseutte·

1055 5258 1158 5329 gelista
1171 5259 1344 5331 Euangeliou]
1357 5259 1523 5316 ternrlnatur.
1549 5257 1642 5326 (vias.
1655 5254 1711 5326 li.)
1726 5253 1795 5311 llicit
1808 5255 1845 5308 eia

1055 5347 1151 5403 ierus:
1169 5348 1271 5415 Vertite,
1286 5349 1421 5419 prandete.
1455 5347 1489 5401 El
1507 5362 1581 5401 uento
1593 5345 1707 5400 aradeiat
1730 5344 1845 5404 diaeum

1057 5440 1171 5496 lentium
1184 5442 1344 5512 interrepere
1355 5454 1434 5495 eum:
1452 5439 1500 5498 ¹Tu
1510 5439 1624 5510 quites?
1648 5437 1758 5493 ameum
1768 5435 1845 5506 qru'a

1059 5536 1184 5592 dominus
1196 5544 1242 5589 eat.
1259 5532 1359 5588 Sensus
1369 5531 1487 5603 ergobic
1500 5539 1556 5586 est:
1575 5530 1658 5584 Tanta
1674 5527 1847 5584 crateridetr·
