4075 6192
255 373 304 434 ill
676 371 707 425 B.
722 370 754 425 F.
769 368 887 424 hhutnt
903 364 969 422 SEU
986 355 1129 415 huculbi
1144 355 1293 414 mettun
1307 355 1399 413 unus
1415 353 1445 418 lla
1844 352 1897 409 ωδ

257 490 426 547 bibliothece
439 494 548 548 mure.
563 483 720 541 monasterii
731 481 835 538 scilicet
844 478 931 535 sancti
941 477 1047 532 hurme-
1060 471 1084 529 t
1096 466 1224 539 rmum,
1242 482 1277 522 ue
1297 465 1485 525 antoanam
1503 463 1639 523 studente
1660 463 1784 531 crenus,
1797 463 1897 521 eteito

258 559 390 621 ruminum
414 556 490 626 cujus
512 556 594 610 etiam
619 570 670 626 ope
690 552 830 624 praelatam
853 549 997 606 editionem
1012 544 1048 627 'in

258 628 393 697 aliquibus
407 626 474 681 locis
488 625 705 688 emendavimus,
714 639 746 678 ac
760 620 916 677 differentes
936 626 963 700 et
984 614 1048 669 abbr

258 698 415 756 Mecales
427 698 561 753 lectiones
570 696 777 757 ailnotavimus,
787 704 937 758 nemusque
953 703 980 768 m
995 685 1050 739 ltne

258 767 379 838 epistolae
391 766 548 836 adjecimus.
563 767 656 821 Eidem
670 765 756 821 codici
780 770 874 819 nostro
891 760 935 814 bic
956 755 1051 841 titulus

258 837 385 908 praefixus
398 848 457 893 est:
473 838 571 907 incipit
592 835 729 907 Expositio
750 833 837 888 Albini
857 846 938 899 super
956 825 1048 908 hrcle·

259 908 373 974 sidetem·
386 907 413 964 in
429 907 482 963 dne
496 915 586 975 tamen
604 916 660 962 tres
674 913 721 959 ant
734 911 851 974 unatim
864 899 966 954 ultimae
979 912 1052 967 pagr-

258 980 412 1105 ᾕρηκε
424 986 503 1045 sunt;
527 992 607 1048 qoem
621 977 756 1032 delectum
771 972 841 1029 inira
855 986 905 1027 suo
922 971 981 1027 loco
1003 981 1053 1023 uo-

307 1064 389 1105 rmus.

563 1134 758 1193 Pamisum.

296 1233 483 1291 Dilectissimis
495 1233 524 1288 ia
534 1231 643 1288 Christo
655 1229 726 1290 liliis,
742 1225 818 1284 Onia
829 1222 1054 1286 secernendae·

259 1325 324 1383 dido
339 1327 509 1396 presbytero,
524 1331 554 1378 et
567 1320 728 1376 Nathanaeti
743 1318 820 1392 μὴ,
832 1315 985 1387 Nathaheli]
996 1315 1054 1368 dia·

260 1432 341 1482 cono,
351 1415 465 1471 Albinus
479 1422 616 1485 perpetua
626 1409 817 1482 prosperitatis
829 1409 855 1463 in
869 1406 984 1463 ὓοιιιίιιο
997 1404 1054 1460 lieo

262 1505 386 1563 salutent.

295 1592 442 1663 Postquam
457 1592 490 1648 de
503 1599 624 1661 pateruae
635 1589 746 1661 pietatis
760 1588 825 1643 nido
835 1587 861 1641 in
872 1585 994 1657 publicas
1005 1599 1055 1640 ste-

261 1684 393 1743 cularium
407 1683 576 1754 negotiorum
597 1681 725 1737 evolastis
746 1693 842 1743 auras,
867 1676 966 1731 meritis
986 1688 1055 1730 metu

262 1779 413 1837 sollicitudo
427 1787 556 1843 nestram,
570 1776 696 1831 omnibus
713 1790 782 1846 pene
794 1774 879 1837 horis,
897 1771 1054 1843 occupatio-

262 1885 325 1926 nem
338 1871 466 1926 comitata
476 1876 529 1933 est,
543 1875 640 1937 optans
652 1882 710 1933 uos,
723 1865 813 1921 divina
828 1864 946 1919 donante
957 1862 1053 1935 gratia,

262 1958 290 2014 in
306 1959 438 2014 charitate
451 1956 580 2028 perlecta,
597 1964 753 2012 sencinum
761 1954 848 2009 titulis
860 1954 990 2007 virtutum
1002 1950 1058 2007 Deo

262 2047 380 2119 placere,
389 2042 1057 2117 honestisquevirercmotibuscoramhomiuibus,

262 2146 292 2195 et
300 2139 372 2208 quod
380 2138 512 2194 didicistis
526 2138 577 2193 sub
587 2137 638 2191 alis
649 2144 770 2207 paternae
779 2133 950 2197 cruditionis,
959 2131 1058 2187 nobili-

262 2226 316 2284 bus
327 2227 471 2282 ostendere
483 2225 614 2281 morium.
629 2224 685 2280 Nec
697 2224 778 2279 uelim
800 2222 939 2294 sapientiae
960 2222 1057 2286 decus,

263 2317 337 2388 quod
346 2316 452 2372 habetis
464 2316 491 2371 in
504 2316 596 2382 corde,
617 2315 709 2371 saeculi
724 2314 865 2370 obscurari
883 2313 1058 2378 vanitatibus,

264 2413 337 2469 inter
362 2427 431 2482 quas
452 2411 547 2482 religio
569 2419 666 2465 restrae
697 2408 913 2464 conversationis
937 2407 1059 2478 fulgeat,

265 2502 344 2572 quasi
360 2500 471 2557 claritas
483 2500 553 2555 lucls
567 2499 740 2557 intenebris.
758 2496 920 2553 Mementote
934 2512 983 2552 nos
995 2496 1062 2551 alie-

264 2611 299 2653 na
325 2597 493 2667 dispuasut'e,
520 2610 573 2649 nou
598 2594 709 2665 propria
731 2591 885 2664 possidere;
911 2592 1062 2663 dequibus

266 2688 325 2758 ipsa
338 2686 446 2743 veritus
457 2686 496 2740 ait
511 2703 517 2740 :
533 2682 805 2752 suthalaitarum
816 2700 868 2738 nou
881 2674 978 2754 sitistis,
991 2682 1062 2753 quod

265 2788 442 2845 vestrumea,
459 2778 517 2849 qius
529 2777 602 2832 dubit
624 2776 695 2831 nobb
706 2773 782 2847 (Luc.
797 2791 861 2840 xrr,
876 2774 940 2847 {stt
960 2774 1063 2830 Aliena

266 2877 330 2926 suut
343 2869 449 2924 anobis
464 2865 545 2937 hujus
558 2866 650 2923 saciati
673 2865 831 2931 facultates,
854 2866 881 2922 id
900 2873 961 2932 est,
984 2872 1062 2920 extra

266 2966 387 3015 nostram
399 2960 459 3014 sitae
471 2967 609 3013 uatnmm.
625 2956 702 3011 Nihil
716 2959 785 3012 enim
806 2957 944 3012 intulimus
953 2958 982 3011 iri
993 2957 1063 3011 bunt

267 3049 410 3113 muudum,
432 3049 504 3102 baud
527 3047 636 3101 dubium
650 3049 713 3119 quio
723 3065 770 3102 trec
783 3049 888 3119 auferre
897 3046 960 3119 qnid
970 3064 1064 3118 possu-

268 3152 328 3192 mus
339 3137 366 3209 (l
379 3137 447 3190 lint.
463 3153 502 3204 rr,
517 3138 554 3210 7).
570 3137 669 3194 Nostra
690 3148 780 3195 antem
794 3139 930 3210 possessio
947 3153 1101 3216 regunmg

267 3227 409 3292 coeloruru,
425 3235 517 3284 nostra
531 3229 587 3283 uita
598 3229 724 3285 Christus
733 3237 784 3295 est,
799 3235 899 3283 nostrae
917 3243 982 3297 opes
998 3237 1064 3283 sunt

268 3314 449 3386 spiritualium
470 3331 584 3388 operum
599 3316 703 3373 fructus
714 3335 721 3371 ε
733 3332 801 3387 quas
817 3332 982 3389 congregare
995 3333 1061 3386 sus,

267 3407 317 3464 dlii
332 3407 498 3474 charissimi,
511 3409 585 3465 omni
597 3410 746 3463 intentione
758 3408 888 3463 exhortor
900 3426 906 3462 :
921 3423 972 3463 nec
984 3408 1011 3463 io
1021 3408 1064 3463 in-

1099 559 1264 616 tmusitoriis
1277 558 1384 615 inhiare
1398 555 1509 621 diuitiis,
1525 570 1588 627 uuae
1604 554 1740 615 cldss’uue
1750 552 1836 626 ‚aaa
1849 568 1897 609 tu·
2011 548 2012 617 l

1099 650 1189 708 latiles
1200 649 1330 707 recedunt
1343 644 1457 712 umbrae,
1471 655 1500 703 et
1514 653 1559 712 ut,
1571 644 1672 715 siquid
1684 644 1847 715 supercitia
1855 643 1907 703 eis.

1100 744 1261 801 posessorio
1275 743 1337 800 uita
1358 748 1456 799 testae
1467 738 1547 814 m
1564 739 1717 810 stipendio.
1729 740 1901 812 pauperibus!

1101 850 1214 908 erogare
1230 834 1382 892 studeatis:
1397 832 1472 903 undu,
1492 840 1523 888 ut
1539 831 1611 888 idem
1624 829 1755 889 sucuro
1773 832 1811 888 ait
1823 850 1831 886 :
1843 831 1899 889 lle·

1101 927 1216 999 demptio
1228 927 1324 983 citime
1338 926 1403 991 oiri,
1412 924 1528 997 proprie
1540 923 1638 980 dimin
1652 923 1815 996 οἰκῶσι.
1833 940 1899 992 xnt,

1101 1017 1141 1090 8).
1156 1017 1256 1074 Sedula
1269 1025 1360 1074 mente
1373 1016 1460 1088 ipsius
1472 1015 1578 1071 homiui
1594 1023 1719 1072 saeuum
1728 1016 1910 1073 mosicense-

1102 1119 1337 1181 perceptumque
1347 1124 1397 1165 nes
1403 1107 1544 1164 admonuit
1554 1107 1809 1181 crehrtihusmagis
1817 1124 1899 1178 quatu

1103 1200 1220 1255 terrenis
1234 1199 1339 1253 inhiare
1351 1198 1496 1262 thesauris,
1504 1196 1597 1253 dicens
1610 1216 1618 1253 r
1631 1197 1819 1253 Thermum
1827 1196 1900 1252 cabis

1103 1289 1240 1344 metaurus
1252 1290 1280 1344 itt
1293 1288 1370 1353 coto,
1381 1288 1427 1343 uhi
1444 1303 1525 1358 neque
1542 1303 1647 1357 ampo,
1661 1304 1743 1358 neque
1762 1289 1836 1343 tim
1853 1288 1901 1343 de·

1103 1379 1223 1445 molitur,
1237 1389 1261 1433 et
1272 1378 1316 1433 ubi
1328 1379 1400 1450 fures
1413 1394 1466 1433 uun
1480 1377 1624 1447 effodiunt,
1637 1394 1683 1432 nec
1693 1378 1839 1447 furuum
1854 1378 1902 1433 ttfi

1104 1470 1369 1525 ailmeri-thesaurus
1381 1477 1452 1534 tuus,
1463 1468 1499 1522 ibi
1510 1476 1582 1523 estet
1595 1484 1641 1522 cor
1652 1466 1848 1537 taustsslattb.
1860 1483 1906 1534 rt,

1103 1560 1161 1633 ab).
1174 1559 1396 1630 Hunc-siquidem
1411 1559 1511 1614 librum
1524 1559 1710 1629 supradictum
1727 1573 1836 1629 semper
1849 1573 1902 1629 pre

1105 1650 1365 1722 magistrohaheatis
1375 1650 1405 1705 iu
1414 1650 1551 1716 mamus,
1559 1657 1590 1705 ut
1602 1649 1713 1705 ducatis
1726 1657 1834 1705 terreus
1847 1664 1908 1706 usu

1106 1758 1210 1810 amare,
1220 1743 1269 1800 sed
1281 1743 1418 1808 celestia
1432 1741 1566 1797 dominari
1581 1741 1701 1807 divium,
1713 1756 1768 1796 uun
1780 1741 1902 1808 mrim

1073 1816 1092 1874 Β
1106 1836 1217 1891 laudem
1228 1851 1282 1891 non
1295 1850 1422 1906 querere
1432 1842 1581 1899 terrenam,
1594 1834 1642 1889 sed
1655 1832 1773 1903 a-jntliue
1781 1831 1905 1900 etune

1108 1927 1271 1985 miserorum
1283 1926 1465 1992 consolatore,
1476 1924 1619 1981 atuabilem
1631 1924 1730 1981 audire
1738 1925 1910 1981 scamnum

1108 2020 1180 2077 iuter
1192 2033 1239 2075 eos
1252 2019 1351 2088 quihus
1363 2019 1485 2074 dicturus
1495 2016 1565 2072 ait:
1579 2014 1685 2083 Venite,
1701 2016 1830 2072 berem
1850 2015 1907 2072 r·

1108 2111 1156 2167 tris
1169 2112 1230 2174 md,
1244 2111 1370 2181 pereipde
1383 2126 1502 2180 reorum,
1515 2109 1585 2181 quod
1597 2109 1669 2166 colb
1684 2117 1811 2182 paratu
1820 2119 1861 2167 ert
1872 2109 1913 2166 ab·

1109 2203 1209 2274 caplim
1219 2203 1311 2258 muudi
1326 2201 1434 2275 (lluttb.
1448 2218 1513 2269 xxv,
1526 2201 1582 2274 tt).

1144 2314 1160 2346 ι
1174 2301 1297 2359 Flumina
1311 2302 1357 2373 qui
1371 2308 1476 2357 metuat
1488 2302 1594 2359 modica
1606 2303 1717 2360 emtore
1728 2300 1825 2360 ear-un

1180 2392 1310 2461 Grandia,
1324 2409 1358 2450 ne
1371 2403 1476 2466 mergat
1488 2394 1615 2451 turbidus
1623 2394 1726 2451 humer
1734 2409 1819 2451 eatur

1145 2488 1199 2544 iste
1211 2500 1262 2544 suo
1273 2486 1392 2557 placidas
1404 2485 1493 2542 lembo
1503 2486 1663 2557 pernaviget
1675 2484 1763 2542 undas

1182 2577 1329 2635 currentes
1342 2578 1414 2645 inter
1428 2576 1523 2634 dorida
1534 2586 1614 2648 prata
1629 2577 1682 2647 pie

1146 2666 1193 2723 Slc
1204 2666 1251 2738 qui
1265 2680 1425 2739 ruapnornru
1437 2680 1533 2721 sensus
1544 2666 1645 2721 rimare
1657 2663 1807 2737 prolundos

1182 2756 1330 2811 Doctorum
1340 2755 1435 2811 timeat
1450 2753 1567 2824 pectoris
1580 2753 1699 2823 ingenio,

1146 2844 1245 2901 Nostra
1254 2845 1327 2917 legat
1337 2843 1402 2900 lelix
1416 2843 1507 2899 altimo
1520 2848 1673 2899 commenta
1687 2858 1802 2912 senno,

1183 2936 1308 3006 begonis
1319 2942 1441 2990 ueterum
1457 2948 1519 3004 quae
1534 2933 1595 2988 tulit
1607 2949 1678 2989 naa
1690 2949 1798 2990 manus.

1150 3023 1485 3098 instincte(rlcmr.)llro
1494 3037 1681 3095 semper,naru
1687 3024 1856 3081 rirereuters
1864 3028 1916 3082 ess

1185 3117 1254 3172 llulc
1265 3118 1381 3184 mundo;
1392 3131 1457 3172 vera
1469 3123 1515 3172 est
1525 3115 1618 3170 rivere
1629 3115 1686 3170 uita
1697 3115 1763 3171 Deo.

1149 3208 1213 3272 los,
1226 3223 1300 3279 rogo,
1317 3214 1467 3264 conservet
1472 3206 1565 3263 lettres
1577 3206 1662 3277 matie
1673 3203 1784 3271 Christi

1184 3295 1311 3354 Odulces
1324 3299 1499 3365 nati,sanota
1513 3298 1610 3353 salutis
1621 3295 1703 3367 opeb.

1367 3404 1484 3462 chent
1500 3404 1646 3462 enthbtt.

268 3505 344 3555 certo
370 3498 528 3555 divitiarum
547 3512 667 3569 sperare,
687 3510 748 3568 quae
769 3504 816 3553 aut
838 3499 965 3552 deserunt
977 3498 1065 3568 possi·
1150 3497 1232 3554 teus.
1249 3496 1322 3551 l.-
1336 3493 1421 3550 Verbo
1433 3494 1659 3559 Ecclesiastisitlii
1669 3494 1757 3550 Dauid
1767 3492 1908 3567 replsffle·

269 3594 387 3659 dentem,
401 3601 473 3650 anta
485 3593 641 3664 possidente
653 3592 824 3647 deseruntur.
835 3592 864 3647 ln
876 3607 953 3662 quas,
965 3594 1067 3650 mentis
1115 3587 1239 3643 molare
1252 3598 1266 3628 ⁰
1278 3587 1377 3644 'lribns
1388 3587 1678 3644 nominihnstocatum
1689 3587 1773 3644 luisse
1787 3586 1910 3645 Salem

269 3696 370 3744 nostra
384 3687 560 3744 intentionem
573 3687 692 3758 Spiritus
710 3694 819 3743 sanctus
837 3703 886 3759 per
902 3687 1065 3759 Pmphetaur
1115 3693 1177 3734 ΜΝ
1197 3676 1575 3748 Selilmmfflfesllsslfflss
1590 3678 1688 3734 (Ῐθθθΰῑ
1703 3696 1711 3733 ³
1725 3677 1908 3747 3²¹0ffl⁰¹¹0m2

270 3776 392 3834 murrae
407 3778 484 3850 pue,
507 3777 645 3851 anhelare]
666 3779 819 3849 prohibuit,
834 3779 927 3835 urens
940 3798 947 3833 ι
962 3778 1067 3834 ninia
1116 3767 1216 3835 idea,
1236 3767 1396 3840 malcum
1422 3774 1450 3823 u
1467 3764 1554 3824 unua
1569 3766 1633 3841 [Νι.
1647 3767 1763 3843 Eddah
1776 3769 1830 3824 boc
1849 3776 1906 3832 est.

271 3864 295 3920 ri
307 3865 425 3937 affluunt,
441 3864 520 3920 uelde
530 3881 575 3919 cor
587 3882 716 3937 apponere
726 3865 839 3941 (Ptolm.
852 3884 908 3934 uxr,
924 3865 980 3939 ll).
994 3866 1070 3935 Qua·
1117 3861 1244 3918 dllectnm
1258 3860 1378 3926 Domini:
1393 3866 1420 3914 θῑ
1430 3861 1500 3930 qnod
1521 3874 1594 3915 ”⁰¹¹0
1614 3859 1714 3916 dicim?
1727 3858 1858 3924 coeleth,
1881 3858 1911 3915 iil

273 3971 334 4011 rum
347 3955 435 4024 copia,
450 3962 492 4011 est
505 3954 619 4012 alionum
634 3956 734 4028 inopia.
748 3958 787 4014 De
799 3959 896 4029 unibus
911 3958 961 4032 [et]
975 3958 1067 4014 Dorul-
1116 3958 1167 4016 etl,
1181 3950 1371 4007 Ecclesiasten·
1387 3950 1563 4007 Ecclesiaslet
1573 3958 1663 4005 auum
1673 3947 1825 4019 appellatur
1834 3946 1910 4005 Gra·

272 4061 325 4101 uns
338 4045 365 4101 in
379 4046 525 4119 Evangelio
541 4049 580 4104 ait
592 4067 599 4104 ε
613 4047 707 4106 Facite
729 4051 799 4106 robis
814 4052 912 4106 amieos
934 4051 967 4106 de
980 4060 1066 4106 mom·
1117 4059 1150 4099 0⁰
1163 4058 1299 4109 sermm,
1313 4043 1386 4113 (1¹10d
1399 4050 1510 4109 ssoeltlmt
1524 4042 1551 4098 ill
1562 4051 1605 4098 0⁸²
1614 4041 1781 4109 &detinni
1796 4057 1910 4114 0⁰⁰3&

274 4154 353 4193 mono
366 4139 511 4210 iniquitatis
524 4137 600 4213 (Luc.
615 4156 673 4206 xri,
686 4141 726 4212 9).
741 4141 844 4197 idcirco
859 4143 966 4213 iniquas
978 4143 1066 4198 nonti-
1117 4143 1175 4207 80²3
1190 4150 1271 4204 ‘illem
1284 4149 1334 4191 ¹¹⁰⁸
1355 4135 1492 4206 “ibelim
1515 4149 1661 4206 ll⁰³³¹¹¹¹¹¹¹⁸
1675 4133 1909 4199 mmmm»

275 4229 350 4284 nartt
361 4227 442 4298 hujus
454 4230 545 4286 seculi
558 4230 666 4287 diritius
680 4230 753 4304 (qnia
768 4249 918 4288 mammona
932 4232 1001 4305 Syra
1025 4242 1068 4291 est
1117 4227 1165 4297 qul
1179 4225 1300 4297 loquitur
1313 4227 1347 4282 ad
1359 4226 1500 4297 populum,
1515 4233 1544 4280 et
1558 4239 1647 4281 mrum
1662 4223 1720 4293 ejus
1734 4240 1788 4280 non
1807 4223 1911 4294 specia-

274 4320 376 4391 lingua.
390 4328 417 4377 ei
431 4320 705 4379 naitneonmaenu
719 4322 860 4394 muni).
880 4324 943 4394 qun
967 4325 1067 4382 rrvtnae
1117 4314 1909 4389 literaturamsedadiuvemus-semiermium·

275 4418 383 4481 autper
396 4411 566 4480 iniquitatem
588 4420 798 4484 congregantur,
823 4413 865 4469 rel
881 4413 974 4485 inique
994 4430 1065 4485 pan·
1118 4410 1204 4467 Porro
1216 4411 1359 4482 pacillcns,
1382 4417 1410 4465 et
1430 4408 1545 4465 dilectus
1558 4407 1681 4474 Domini,
1696 4408 1730 4463 ab
1747 4404 1867 4477 eoquod
1882 4404 1913 4461 ix

275 4500 387 4573 perium
409 4501 615 4558 subtrahuntur.
628 4502 667 4558 lle
682 4519 797 4574 quarum
812 4518 883 4560 rana
897 4507 1068 4576 possesstone
1081 4497 1108 4563 b
1120 4518 1204 4574 regno
1218 4500 1276 4570 ejus
1295 4517 1346 4573 pax
1367 4500 1467 4565 luerit,
1491 4507 1519 4555 et
1540 4515 1603 4556 eum
1624 4499 1754 4554 hominus
1776 4496 1916 4563 dilexeris,

276 4595 304 4650 in
317 4593 396 4664 huius
409 4595 501 4652 saculi
514 4596 617 4653 deliciis
626 4612 696 4668 peue
707 4598 925 4669 sapientissimus
937 4598 1066 4655 Salomon
1118 4596 1269 4667 appellatus
1280 4604 1332 4651 cst.
1341 4594 1409 4649 Nam
1421 4602 1450 4648 et
1460 4593 1581 4665 psalmus
1592 4591 1818 4664 quadragesimus
1829 4604 1913 4661 quae

275 4690 362 4740 tntum
376 4688 526 4756 composuit
537 4687 646 4751 librum,
659 4689 703 4745 cni
715 4689 811 4745 titulus
822 4698 864 4746 est
877 4691 1071 4759 Ecclesiastcs,
1117 4695 1173 4754 tus,
1182 4695 1210 4743 et
1223 4687 1437 4758 septuagesimus
1446 4685 1559 4756 primus,
1571 4684 1663 4740 dilecti
1674 4691 1701 4738 et
1711 4681 1817 4755 pacidci
1833 4680 1923 4738 titulo·

275 4773 368 4832 dicens
380 4775 407 4831 in
421 4777 509 4847 capite
522 4777 604 4834 libri:
622 4775 732 4835 Venitur
747 4781 891 4835 uocitatum
904 4820 911 4846 ,
926 4780 993 4835 dicit
1012 4780 1068 4835 Ec·
1118 4787 1310 4849 praenotantur.
1325 4777 1377 4844 Qrti
1392 4776 1500 4833 tametsi
1520 4776 1555 4832 ad
1576 4775 1747 4848 prophetiam
1767 4773 1869 4830 Christi
1884 4780 1914 4829 et

276 4862 423 4934 meum,
439 4875 465 4923 et
487 4870 577 4924 omniu
587 4871 699 4925 mattos.
715 4868 745 4924 Si
761 4871 852 4925 omnia
869 4871 992 4935 vanitas,
1006 4886 1067 4939 quae
1119 4868 1247 4924 Ecclesia
1268 4867 1445 4938 pertinentes,
1461 4864 1618 4921 felicitatem
1631 4872 1660 4920 et
1672 4865 1746 4921 uires
1757 4862 1924 4921 Selom&

276 4955 380 5012 utilitas
400 4964 443 5013 est
459 4957 567 5014 diuitias
590 4960 708 5015 renuere
730 4960 862 5016 caducas?
880 4959 910 5014 ln
933 4974 1013 5029 quem
1035 4959 1068 5015 li·
1117 4958 1258 5022 excedant,
1274 4965 1364 5011 umen
1377 4954 1524 5012 secundum
1539 4953 1682 5010 historiam
1693 4968 1775 5024 super
1787 4949 1912 5008 &butue

277 5048 368 5114 hrum,
382 5063 415 5105 cx
427 5058 583 5105 sauctorum
595 5050 735 5122 opusculis
745 5050 874 5117 Patruus,
894 5066 929 5106 ac
949 5052 1069 5109 umxime
1118 5064 1152 5107 ne
1166 5042 1311 5121 conscripti
1323 5055 1395 5104 mut.
1408 5046 1435 5103 ls
1448 5042 1623 5117 itaquelnxta
1633 5059 1776 5100 numerum
1789 5043 1910 5099 vocabu·

279 5137 313 5194 ‹le
325 5138 397 5194 beati
410 5138 567 5210 hieronymi
581 5143 786 5207 commentario,
797 5155 911 5211 parrum
926 5143 1066 5213 composui
1117 5143 1205 5200 lorum
1227 5157 1358 5205 suorum,
1382 5140 1434 5195 tria
1460 5138 1599 5194 volumina
1620 5135 1704 5193 edidit
1719 5153 1726 5189 ε
1744 5133 1910 5198 Proverbia,

278 5224 446 5285 Bretiarlum
457 5269 465 5296 ,
477 5229 561 5289 vestri
576 5246 675 5296 musa,
687 5232 734 5289 lilii
747 5231 918 5301 cbarisdmi,
932 5241 1068 5305 quatenus
1117 5235 1309 5307 Ecclesiastcm
1323 5231 1435 5291 Cantica
1445 5230 1625 5287 cantitamus.
1638 5227 1667 5285 ln
1679 5225 1836 5283 Proverbiis
1846 5240 1911 5296 par·

278 5323 390 5388 paterna
402 5318 582 5376 sollicitudine
595 5321 768 5377 admonerem
784 5329 904 5378 uestrum
918 5323 1009 5379 nobile
1023 5324 1066 5378 in·
1117 5328 1208 5384 nulum
1222 5326 1332 5391 docens,
1346 5333 1373 5381 et
1390 5323 1467 5395 quasi
1483 5322 1517 5379 de
1530 5320 1629 5378 olllciis
1638 5318 1820 5394 praesentibus
1834 5316 1913 5392 [llic-
2011 5344 2012 5359 ι

314 5437 330 5469 ⁸
346 5426 405 5484 llec
416 5445 536 5497 carmen,
550 5432 672 5503 exceptis
684 5439 800 5502 quatuor
816 5432 918 5490 ultimis
931 5434 1064 5501 versibus,
1152 5438 1274 5499 pontiflci
1287 5453 1331 5494 ma
1351 5453 1385 5494 no
1395 5438 1468 5495 hune
1475 5435 1578 5492 dmoni
1591 5432 1695 5491 reddite
1701 5432 1806 5488 librum

279 5509 315 5550 cx
329 5499 512 5581 uetustissimo
526 5516 576 5557 ms.
591 5500 685 5585 codiee
708 5501 894 5628 depromptum
907 5544 915 5568 ,
930 5519 1019 5586 ‚snum
1038 5504 1066 5557 in
1189 5509 1225 5567 Ut
1238 5507 1321 5591 legat,
1331 5454 1430 5564 {thino
1445 5521 1562 5577 moxque
1573 5503 1687 5587 remittit
1698 5518 1772 5559 eum·

277 5561 367 5618 locum
390 5571 586 5625 restituendum
607 5571 736 5627 rubeant
761 5568 801 5628 ct.
844 5572 972 5629 robeutus
996 5580 1067 5629 mter
1151 5577 1275 5643 Partibi,
1288 5589 1354 5645 ruta,
1368 5577 1441 5635 salus
1451 5591 1559 5646 semper
1570 5581 1613 5639 stt,
1626 5582 1719 5629 sancte
1732 5571 1879 5639 sacerdos,

279 5628 408 5687 amena
422 5635 456 5688 ad
470 5649 548 5691 suam
561 5640 718 5695 chinonem.
1187 5646 1275 5721 Atque
1287 5664 1392 5705 memor
1404 5648 1490 5704 nostri
1502 5645 1560 5716 inm
1572 5646 1630 5704 sine
1644 5642 1697 5700 llne
1712 5641 1784 5699 rate.

315 5695 387 5754 thu
400 5699 452 5754 hoc
463 5715 572 5762 carmen
593 5705 662 5765 torte
680 5706 817 5778 pertineat
837 5723 932 5767 versus
952 5710 978 5767 in
1004 5712 1065 5770 cod.
1153 5719 1220 5780 rEx
1235 5718 1516 5791 sanctottieronrmo.

279 5764 580 5855 Pfaefssffiuquwloe³‚'
650 5830 661 5855 a
