<?xml version="1.0" encoding="UTF-8"?>
<!DOCTYPE html PUBLIC "-//W3C//DTD XHTML 1.0 Transitional//EN"
    "http://www.w3.org/TR/xhtml1/DTD/xhtml1-transitional.dtd">
<html xmlns="http://www.w3.org/1999/xhtml" xml:lang="en" lang="en">
 <head>
  <title>
</title>
<meta http-equiv="Content-Type" content="text/html;charset=utf-8" />
  <meta name='ocr-system' content='tesseract 3.04.00' />
  <meta name='ocr-capabilities' content='ocr_page ocr_carea ocr_par ocr_line ocrx_word'/>
</head>
<body>
  <div class='ocr_page' id='page_1' title='image "./patrologiaecurs171unkngoog_0374.png"; bbox 0 0 4075 6192; ppageno 0'>
   <div class='ocr_carea' id='block_1_1' title="bbox 246 271 1885 342">
    <p class='ocr_par' dir='ltr' id='par_1_1' title="bbox 246 271 1885 342">
     <span class='ocr_line' id='line_1_1' title="bbox 246 271 1885 342; baseline 0.005 -10"><span class='ocrx_word' id='word_1_1' title='bbox 246 274 298 332; x_wconf 73' lang='lat' dir='ltr'><strong>titt</strong></span> <span class='ocrx_word' id='word_1_2' title='bbox 678 274 709 330; x_wconf 86' lang='lat' dir='ltr'><strong>B.</strong></span> <span class='ocrx_word' id='word_1_3' title='bbox 728 273 759 328; x_wconf 78' lang='lat' dir='ltr'><strong>F.</strong></span> <span class='ocrx_word' id='word_1_4' title='bbox 779 273 892 329; x_wconf 74' lang='lat' dir='ltr'><strong>tuetur</strong></span> <span class='ocrx_word' id='word_1_5' title='bbox 911 273 977 330; x_wconf 80' lang='lat' dir='ltr'><strong>SEU</strong></span> <span class='ocrx_word' id='word_1_6' title='bbox 997 271 1133 332; x_wconf 74' lang='lat' dir='ltr'><strong>studiat</strong></span> <span class='ocrx_word' id='word_1_7' title='bbox 1153 275 1296 334; x_wconf 64' lang='lat' dir='ltr'><strong>otarius}</strong></span> <span class='ocrx_word' id='word_1_8' title='bbox 1312 277 1402 334; x_wconf 79' lang='lat' dir='ltr'><strong>PARS</strong></span> <span class='ocrx_word' id='word_1_9' title='bbox 1419 275 1452 333; x_wconf 84' lang='lat' dir='ltr'><strong>tl.</strong></span> <span class='ocrx_word' id='word_1_10' title='bbox 1827 281 1885 342; x_wconf 78' lang='lat' dir='ltr'><strong>tto</strong></span> 
     </span>
    </p>
   </div>
   <div class='ocr_carea' id='block_1_2' title="bbox 175 382 1903 5549">
    <p class='ocr_par' dir='ltr' id='par_1_2' title="bbox 175 382 1893 3465">
     <span class='ocr_line' id='line_1_2' title="bbox 244 382 1886 457; baseline 0.008 -16"><span class='ocrx_word' id='word_1_11' title='bbox 244 386 338 457; x_wconf 87' lang='lat' dir='ltr'><strong>inqua</strong></span> <span class='ocrx_word' id='word_1_12' title='bbox 351 382 503 456; x_wconf 86' lang='lat' dir='ltr'><strong>puritlcatio</strong></span> <span class='ocrx_word' id='word_1_13' title='bbox 521 391 561 437; x_wconf 85' lang='lat' dir='ltr'><strong>cst</strong></span> <span class='ocrx_word' id='word_1_14' title='bbox 585 382 701 447; x_wconf 70' lang='lat' dir='ltr'><strong>arrianae,</strong></span> <span class='ocrx_word' id='word_1_15' title='bbox 722 384 849 439; x_wconf 88' lang='lat' dir='ltr'><strong>solatium</strong></span> <span class='ocrx_word' id='word_1_16' title='bbox 865 383 1038 440; x_wconf 73' lang='lat' dir='ltr'><strong>mortalitatis</strong></span> <span class='ocrx_word' id='word_1_17' title='bbox 1051 387 1076 445; x_wconf 79' lang='grc' dir='ltr'><strong>Δ</strong></span> <span class='ocrx_word' id='word_1_18' title='bbox 1088 383 1145 439; x_wconf 76' lang='lat' dir='ltr'><strong>lies</strong></span> <span class='ocrx_word' id='word_1_19' title='bbox 1170 388 1198 440; x_wconf 85' lang='lat' dir='ltr'><strong>ia</strong></span> <span class='ocrx_word' id='word_1_20' title='bbox 1212 384 1319 442; x_wconf 79' lang='lat' dir='ltr'><strong>cellnrm</strong></span> <span class='ocrx_word' id='word_1_21' title='bbox 1333 405 1391 453; x_wconf 82' lang='lat' dir='ltr'><strong>aaa,</strong></span> <span class='ocrx_word' id='word_1_22' title='bbox 1408 387 1596 444; x_wconf 77' lang='lat' dir='ltr'><strong>esraitaiimua</strong></span> <span class='ocrx_word' id='word_1_23' title='bbox 1606 401 1631 446; x_wconf 90' lang='lat' dir='ltr'><strong>et</strong></span> <span class='ocrx_word' id='word_1_24' title='bbox 1643 387 1794 448; x_wconf 80' lang='lat' dir='ltr'><strong>letabimur</strong></span> <span class='ocrx_word' id='word_1_25' title='bbox 1808 397 1836 452; x_wconf 85' lang='lat' dir='ltr'><strong>in</strong></span> <span class='ocrx_word' id='word_1_26' title='bbox 1852 415 1886 455; x_wconf 86' lang='lat' dir='ltr'><strong>eo</strong></span> 
     </span>
     <span class='ocr_line' id='line_1_3' title="bbox 245 472 1886 548; baseline 0.005 -15"><span class='ocrx_word' id='word_1_27' title='bbox 245 488 360 538; x_wconf 72' lang='lat' dir='ltr'><strong>tooure,</strong></span> <span class='ocrx_word' id='word_1_28' title='bbox 375 485 402 530; x_wconf 92' lang='lat' dir='ltr'><strong>et</strong></span> <span class='ocrx_word' id='word_1_29' title='bbox 414 490 478 544; x_wconf 82' lang='lat' dir='ltr'><strong>spes</strong></span> <span class='ocrx_word' id='word_1_30' title='bbox 492 482 630 544; x_wconf 76' lang='lat' dir='ltr'><strong>perpetuae</strong></span> <span class='ocrx_word' id='word_1_31' title='bbox 642 472 827 530; x_wconf 85' lang='lat' dir='ltr'><strong>beatitudinis.</strong></span> <span class='ocrx_word' id='word_1_32' title='bbox 840 476 869 529; x_wconf 92' lang='lat' dir='ltr'><strong>ln</strong></span> <span class='ocrx_word' id='word_1_33' title='bbox 883 490 936 545; x_wconf 92' lang='lat' dir='ltr'><strong>qua</strong></span> <span class='ocrx_word' id='word_1_34' title='bbox 944 476 1040 530; x_wconf 88' lang='lat' dir='ltr'><strong>heatus</strong></span> <span class='ocrx_word' id='word_1_35' title='bbox 1090 473 1179 548; x_wconf 79' lang='lat' dir='ltr'><strong>(Cant.</strong></span> <span class='ocrx_word' id='word_1_36' title='bbox 1193 491 1212 540; x_wconf 91' lang='grc' dir='ltr'><strong>ι,</strong></span> <span class='ocrx_word' id='word_1_37' title='bbox 1228 475 1267 546; x_wconf 78' lang='lat'><strong>3).</strong></span> <span class='ocrx_word' id='word_1_38' title='bbox 1286 476 1420 532; x_wconf 78' lang='lat' dir='ltr'><strong>Memento</strong></span> <span class='ocrx_word' id='word_1_39' title='bbox 1433 477 1614 534; x_wconf 89' lang='lat' dir='ltr'><strong>clarissimum</strong></span> <span class='ocrx_word' id='word_1_40' title='bbox 1626 481 1654 535; x_wconf 94' lang='lat' dir='ltr'><strong>in</strong></span> <span class='ocrx_word' id='word_1_41' title='bbox 1675 493 1769 537; x_wconf 88' lang='lat' dir='ltr'><strong>sancta</strong></span> <span class='ocrx_word' id='word_1_42' title='bbox 1788 484 1886 544; x_wconf 79' lang='lat' dir='ltr'><strong>Eccle-</strong></span> 
     </span>
     <span class='ocr_line' id='line_1_4' title="bbox 244 565 1888 646; baseline 0.005 -23"><span class='ocrx_word' id='word_1_43' title='bbox 244 567 296 633; x_wconf 89' lang='lat' dir='ltr'><strong>vir,</strong></span> <span class='ocrx_word' id='word_1_44' title='bbox 307 567 386 636; x_wconf 81' lang='lat' dir='ltr'><strong>justa</strong></span> <span class='ocrx_word' id='word_1_45' title='bbox 400 565 588 629; x_wconf 85' lang='lat' dir='ltr'><strong>Psalmistam,</strong></span> <span class='ocrx_word' id='word_1_46' title='bbox 615 566 773 637; x_wconf 90' lang='lat' dir='ltr'><strong>quotidiana</strong></span> <span class='ocrx_word' id='word_1_47' title='bbox 796 566 915 638; x_wconf 90' lang='lat' dir='ltr'><strong>seipsum</strong></span> <span class='ocrx_word' id='word_1_48' title='bbox 930 572 1041 621; x_wconf 76' lang='lat' dir='ltr'>exercet</span> <span class='ocrx_word' id='word_1_49' title='bbox 1089 566 1129 621; x_wconf 88' lang='lat' dir='ltr'><strong>sia</strong></span> <span class='ocrx_word' id='word_1_50' title='bbox 1145 566 1241 622; x_wconf 72' lang='lat' dir='ltr'><strong>divinae</strong></span> <span class='ocrx_word' id='word_1_51' title='bbox 1256 565 1403 637; x_wconf 78' lang='lat' dir='ltr'><strong>Scriptura</strong></span> <span class='ocrx_word' id='word_1_52' title='bbox 1421 568 1569 636; x_wconf 88' lang='lat' dir='ltr'><strong>doctorem,</strong></span> <span class='ocrx_word' id='word_1_53' title='bbox 1592 571 1779 628; x_wconf 88' lang='lat' dir='ltr'><strong>beatissimum</strong></span> <span class='ocrx_word' id='word_1_54' title='bbox 1799 574 1888 646; x_wconf 90' lang='lat' dir='ltr'><strong>siqui-</strong></span> 
     </span>
     <span class='ocr_line' id='line_1_5' title="bbox 243 643 1886 731; baseline 0.005 -17"><span class='ocrx_word' id='word_1_55' title='bbox 243 658 421 714; x_wconf 86' lang='lat' dir='ltr'><strong>meditatione</strong></span> <span class='ocrx_word' id='word_1_56' title='bbox 453 675 460 712; x_wconf 78' lang='lat' dir='ltr'><strong><em>z</em></strong></span> <span class='ocrx_word' id='word_1_57' title='bbox 489 656 642 727; x_wconf 89' lang='lat' dir='ltr'><strong>intelligens</strong></span> <span class='ocrx_word' id='word_1_58' title='bbox 666 643 794 713; x_wconf 74' lang='lat' dir='ltr'><strong>erunibus</strong></span> <span class='ocrx_word' id='word_1_59' title='bbox 820 656 911 712; x_wconf 81' lang='lat' dir='ltr'><strong>saculi</strong></span> <span class='ocrx_word' id='word_1_60' title='bbox 939 655 1041 712; x_wconf 81' lang='lat' dir='ltr'><strong>divitiis</strong></span> <span class='ocrx_word' id='word_1_61' title='bbox 1089 654 1150 711; x_wconf 89' lang='lat' dir='ltr'><strong>dom</strong></span> <span class='ocrx_word' id='word_1_62' title='bbox 1169 653 1374 727; x_wconf 81' lang='lat' dir='ltr'><strong>Hieronymum,</strong></span> <span class='ocrx_word' id='word_1_63' title='bbox 1389 658 1521 714; x_wconf 90' lang='lat' dir='ltr'><strong>nobilium</strong></span> <span class='ocrx_word' id='word_1_64' title='bbox 1533 660 1687 716; x_wconf 87' lang='lat' dir='ltr'><strong>nullatenus</strong></span> <span class='ocrx_word' id='word_1_65' title='bbox 1700 677 1829 731; x_wconf 90' lang='lat' dir='ltr'><strong>spernere</strong></span> <span class='ocrx_word' id='word_1_66' title='bbox 1844 667 1886 722; x_wconf 86' lang='lat' dir='ltr'><strong>ie-</strong></span> 
     </span>
     <span class='ocr_line' id='line_1_6' title="bbox 175 743 1886 819; baseline 0.002 -13"><span class='ocrx_word' id='word_1_67' title='bbox 175 801 177 806; x_wconf 28' lang='lat' dir='ltr'>s</span> <span class='ocrx_word' id='word_1_68' title='bbox 244 743 569 818; x_wconf 76' lang='lat' dir='ltr'><strong>laniusesseagnitionem</strong></span> <span class='ocrx_word' id='word_1_69' title='bbox 583 745 661 819; x_wconf 82' lang='lat' dir='ltr'><strong>[lis.,</strong></span> <span class='ocrx_word' id='word_1_70' title='bbox 678 746 872 819; x_wconf 79' lang='lat' dir='ltr'><strong>cognitionem]</strong></span> <span class='ocrx_word' id='word_1_71' title='bbox 894 745 1041 815; x_wconf 77' lang='lat' dir='ltr'><strong>practerea·</strong></span> <span class='ocrx_word' id='word_1_72' title='bbox 1090 744 1225 798; x_wconf 90' lang='lat' dir='ltr'><strong>minarum</strong></span> <span class='ocrx_word' id='word_1_73' title='bbox 1235 760 1340 815; x_wconf 90' lang='lat' dir='ltr'><strong>preces,</strong></span> <span class='ocrx_word' id='word_1_74' title='bbox 1361 746 1408 800; x_wconf 88' lang='lat' dir='ltr'><strong>sed</strong></span> <span class='ocrx_word' id='word_1_75' title='bbox 1420 746 1537 817; x_wconf 88' lang='lat' dir='ltr'><strong>plurima</strong></span> <span class='ocrx_word' id='word_1_76' title='bbox 1551 749 1705 805; x_wconf 89' lang='lat' dir='ltr'><strong>nominibus</strong></span> <span class='ocrx_word' id='word_1_77' title='bbox 1719 751 1828 808; x_wconf 87' lang='lat' dir='ltr'><strong>illarum</strong></span> <span class='ocrx_word' id='word_1_78' title='bbox 1854 755 1886 812; x_wconf 91' lang='lat' dir='ltr'><strong>ln</strong></span> 
     </span>
     <span class='ocr_line' id='line_1_7' title="bbox 243 834 1886 921; baseline 0.004 -27"><span class='ocrx_word' id='word_1_79' title='bbox 243 837 324 904; x_wconf 85' lang='lat' dir='ltr'><strong>dam;</strong></span> <span class='ocrx_word' id='word_1_80' title='bbox 340 852 429 909; x_wconf 87' lang='lat' dir='ltr'><strong>neque</strong></span> <span class='ocrx_word' id='word_1_81' title='bbox 446 837 527 893; x_wconf 89' lang='lat' dir='ltr'><strong>aliam</strong></span> <span class='ocrx_word' id='word_1_82' title='bbox 540 851 600 893; x_wconf 88' lang='lat' dir='ltr'><strong>csse</strong></span> <span class='ocrx_word' id='word_1_83' title='bbox 614 852 708 893; x_wconf 83' lang='lat' dir='ltr'><strong>reram</strong></span> <span class='ocrx_word' id='word_1_84' title='bbox 722 837 901 907; x_wconf 70' lang='lat' dir='ltr'>sapientiam,</span> <span class='ocrx_word' id='word_1_85' title='bbox 915 837 967 891; x_wconf 90' lang='lat' dir='ltr'><strong>nisi</strong></span> <span class='ocrx_word' id='word_1_86' title='bbox 979 850 1040 905; x_wconf 78' lang='lat' dir='ltr'><strong>quaa</strong></span> <span class='ocrx_word' id='word_1_87' title='bbox 1088 834 1259 904; x_wconf 86' lang='lat' dir='ltr'><strong>propheticas</strong></span> <span class='ocrx_word' id='word_1_88' title='bbox 1275 837 1457 921; x_wconf 79' lang='lat' dir='ltr'><strong>obscuritates</strong></span> <span class='ocrx_word' id='word_1_89' title='bbox 1467 838 1605 895; x_wconf 78' lang='lat' dir='ltr'><strong>dedicasse</strong></span> <span class='ocrx_word' id='word_1_90' title='bbox 1617 843 1760 911; x_wconf 83' lang='lat' dir='ltr'><strong>opuscula,</strong></span> <span class='ocrx_word' id='word_1_91' title='bbox 1773 847 1886 916; x_wconf 73' lang='lat' dir='ltr'><strong>saepius-</strong></span> 
     </span>
     <span class='ocr_line' id='line_1_8' title="bbox 243 923 1885 999; baseline 0.006 -16"><span class='ocrx_word' id='word_1_92' title='bbox 243 928 363 983; x_wconf 86' lang='lat' dir='ltr'><strong>humano</strong></span> <span class='ocrx_word' id='word_1_93' title='bbox 373 927 467 999; x_wconf 88' lang='lat' dir='ltr'><strong>generi</strong></span> <span class='ocrx_word' id='word_1_94' title='bbox 480 928 628 982; x_wconf 89' lang='lat' dir='ltr'><strong>secundum</strong></span> <span class='ocrx_word' id='word_1_95' title='bbox 639 926 868 995; x_wconf 87' lang='lat' dir='ltr'><strong>dispensationem</strong></span> <span class='ocrx_word' id='word_1_96' title='bbox 879 923 957 997; x_wconf 60' lang='lat'><strong>461</strong></span> <span class='ocrx_word' id='word_1_97' title='bbox 972 924 1044 980; x_wconf 83' lang='lat' dir='ltr'><strong>diri·</strong></span> <span class='ocrx_word' id='word_1_98' title='bbox 1090 937 1143 994; x_wconf 89' lang='lat' dir='ltr'><strong>que</strong></span> <span class='ocrx_word' id='word_1_99' title='bbox 1155 923 1190 977; x_wconf 92' lang='lat' dir='ltr'><strong>de</strong></span> <span class='ocrx_word' id='word_1_100' title='bbox 1202 923 1361 980; x_wconf 87' lang='lat' dir='ltr'><strong>Bethlehem</strong></span> <span class='ocrx_word' id='word_1_101' title='bbox 1385 927 1520 994; x_wconf 86' lang='lat' dir='ltr'><strong>castello,</strong></span> <span class='ocrx_word' id='word_1_102' title='bbox 1546 928 1647 985; x_wconf 77' lang='lat' dir='ltr'><strong>Christi</strong></span> <span class='ocrx_word' id='word_1_103' title='bbox 1673 931 1779 988; x_wconf 80' lang='lat' dir='ltr'><strong>honrini</strong></span> <span class='ocrx_word' id='word_1_104' title='bbox 1799 938 1885 993; x_wconf 88' lang='lat' dir='ltr'><strong>nostri</strong></span> 
     </span>
     <span class='ocr_line' id='line_1_9' title="bbox 243 1014 1887 1093; baseline 0.003 -17"><span class='ocrx_word' id='word_1_105' title='bbox 243 1035 286 1076; x_wconf 84' lang='lat' dir='ltr'><strong>nae</strong></span> <span class='ocrx_word' id='word_1_106' title='bbox 304 1018 499 1091; x_wconf 74' lang='lat' dir='ltr'><strong>providentiae,</strong></span> <span class='ocrx_word' id='word_1_107' title='bbox 525 1017 645 1073; x_wconf 90' lang='lat' dir='ltr'><strong>eoelestis</strong></span> <span class='ocrx_word' id='word_1_108' title='bbox 657 1016 745 1084; x_wconf 81' lang='lat' dir='ltr'><strong>gratia</strong></span> <span class='ocrx_word' id='word_1_109' title='bbox 759 1016 969 1071; x_wconf 89' lang='lat' dir='ltr'><strong>administravit.</strong></span> <span class='ocrx_word' id='word_1_110' title='bbox 983 1015 1042 1071; x_wconf 90' lang='lat' dir='ltr'><strong>lloe</strong></span> <span class='ocrx_word' id='word_1_111' title='bbox 1089 1014 1223 1069; x_wconf 72' lang='lat' dir='ltr'><strong>nativitati</strong></span> <span class='ocrx_word' id='word_1_112' title='bbox 1245 1024 1422 1080; x_wconf 85' lang='lat' dir='ltr'><strong>consecrato,</strong></span> <span class='ocrx_word' id='word_1_113' title='bbox 1443 1018 1478 1072; x_wconf 93' lang='lat' dir='ltr'><strong>ad</strong></span> <span class='ocrx_word' id='word_1_114' title='bbox 1491 1018 1627 1075; x_wconf 83' lang='lat' dir='ltr'><strong>Romanas</strong></span> <span class='ocrx_word' id='word_1_115' title='bbox 1639 1035 1717 1078; x_wconf 85' lang='lat' dir='ltr'><strong>arces</strong></span> <span class='ocrx_word' id='word_1_116' title='bbox 1734 1024 1887 1093; x_wconf 87' lang='lat' dir='ltr'><strong>epistolari-</strong></span> 
     </span>
     <span class='ocr_line' id='line_1_10' title="bbox 242 1106 1888 1186; baseline 0.004 -19"><span class='ocrx_word' id='word_1_117' title='bbox 242 1117 285 1168; x_wconf 88' lang='lat' dir='ltr'><strong>cst</strong></span> <span class='ocrx_word' id='word_1_118' title='bbox 298 1124 410 1175; x_wconf 88' lang='lat' dir='ltr'><strong>manna,</strong></span> <span class='ocrx_word' id='word_1_119' title='bbox 423 1109 495 1179; x_wconf 88' lang='lat' dir='ltr'><strong>quod</strong></span> <span class='ocrx_word' id='word_1_120' title='bbox 509 1106 587 1180; x_wconf 69' lang='lat' dir='ltr'><strong>Uda,</strong></span> <span class='ocrx_word' id='word_1_121' title='bbox 602 1106 673 1179; x_wconf 74' lang='lat' dir='ltr'><strong>quae]</strong></span> <span class='ocrx_word' id='word_1_122' title='bbox 684 1108 743 1162; x_wconf 89' lang='lat' dir='ltr'><strong>sine</strong></span> <span class='ocrx_word' id='word_1_123' title='bbox 756 1106 864 1163; x_wconf 77' lang='lat' dir='ltr'><strong>fastidio</strong></span> <span class='ocrx_word' id='word_1_124' title='bbox 875 1108 971 1172; x_wconf 91' lang='lat' dir='ltr'><strong>satiat,</strong></span> <span class='ocrx_word' id='word_1_125' title='bbox 982 1108 1041 1162; x_wconf 86' lang='lat' dir='ltr'><strong>sine</strong></span> <span class='ocrx_word' id='word_1_126' title='bbox 1090 1106 1142 1162; x_wconf 90' lang='lat' dir='ltr'><strong>bus</strong></span> <span class='ocrx_word' id='word_1_127' title='bbox 1166 1106 1262 1161; x_wconf 90' lang='lat' dir='ltr'><strong>iisdem</strong></span> <span class='ocrx_word' id='word_1_128' title='bbox 1284 1107 1439 1177; x_wconf 84' lang='lat' dir='ltr'><strong>petentibus</strong></span> <span class='ocrx_word' id='word_1_129' title='bbox 1452 1108 1544 1165; x_wconf 83' lang='lat' dir='ltr'><strong>volare</strong></span> <span class='ocrx_word' id='word_1_130' title='bbox 1563 1112 1695 1168; x_wconf 83' lang='lat' dir='ltr'><strong>chartulis</strong></span> <span class='ocrx_word' id='word_1_131' title='bbox 1707 1112 1773 1186; x_wconf 66' lang='lat' dir='ltr'><strong>leli,</strong></span> <span class='ocrx_word' id='word_1_132' title='bbox 1786 1117 1888 1186; x_wconf 86' lang='lat' dir='ltr'><strong>episto-</strong></span> 
     </span>
     <span class='ocr_line' id='line_1_11' title="bbox 243 1197 1889 1276; baseline 0.004 -18"><span class='ocrx_word' id='word_1_133' title='bbox 243 1200 350 1258; x_wconf 82' lang='lat' dir='ltr'><strong>deieetu</strong></span> <span class='ocrx_word' id='word_1_134' title='bbox 361 1201 493 1271; x_wconf 87' lang='lat' dir='ltr'><strong>pascitur.</strong></span> <span class='ocrx_word' id='word_1_135' title='bbox 510 1198 573 1254; x_wconf 86' lang='lat' dir='ltr'><strong>llaec</strong></span> <span class='ocrx_word' id='word_1_136' title='bbox 585 1198 751 1253; x_wconf 84' lang='lat' dir='ltr'><strong>suntdivinae</strong></span> <span class='ocrx_word' id='word_1_137' title='bbox 761 1198 860 1268; x_wconf 87' lang='lat' dir='ltr'><strong>segetis</strong></span> <span class='ocrx_word' id='word_1_138' title='bbox 871 1213 968 1267; x_wconf 89' lang='lat' dir='ltr'><strong>grana,</strong></span> <span class='ocrx_word' id='word_1_139' title='bbox 980 1211 1041 1267; x_wconf 81' lang='lat' dir='ltr'><strong>qnae</strong></span> <span class='ocrx_word' id='word_1_140' title='bbox 1090 1197 1162 1253; x_wconf 90' lang='lat' dir='ltr'><strong>lares</strong></span> <span class='ocrx_word' id='word_1_141' title='bbox 1184 1236 1216 1251; x_wconf 90' lang='lat'><strong>..</strong></span> <span class='ocrx_word' id='word_1_142' title='bbox 1235 1198 1420 1271; x_wconf 75' lang='lat' dir='ltr'><strong>.chnrtulas},</strong></span> <span class='ocrx_word' id='word_1_143' title='bbox 1445 1215 1495 1256; x_wconf 89' lang='lat' dir='ltr'><strong>neo</strong></span> <span class='ocrx_word' id='word_1_144' title='bbox 1519 1207 1654 1259; x_wconf 85' lang='lat' dir='ltr'><strong>terrarum</strong></span> <span class='ocrx_word' id='word_1_145' title='bbox 1677 1204 1889 1276; x_wconf 83' lang='lat' dir='ltr'><strong>longinquitate,</strong></span> 
     </span>
     <span class='ocr_line' id='line_1_12' title="bbox 243 1286 1886 1366; baseline 0.002 -16"><span class='ocrx_word' id='word_1_146' title='bbox 243 1293 399 1365; x_wconf 84' lang='lat' dir='ltr'><strong>apostolicis</strong></span> <span class='ocrx_word' id='word_1_147' title='bbox 415 1292 512 1348; x_wconf 85' lang='lat' dir='ltr'><strong>iricata</strong></span> <span class='ocrx_word' id='word_1_148' title='bbox 526 1290 664 1355; x_wconf 88' lang='lat' dir='ltr'><strong>manibus,</strong></span> <span class='ocrx_word' id='word_1_149' title='bbox 680 1298 761 1359; x_wconf 86' lang='lat' dir='ltr'><strong>atque</strong></span> <span class='ocrx_word' id='word_1_150' title='bbox 775 1305 823 1360; x_wconf 90' lang='lat' dir='ltr'><strong>per</strong></span> <span class='ocrx_word' id='word_1_151' title='bbox 846 1305 895 1345; x_wconf 92' lang='lat' dir='ltr'><strong>eos</strong></span> <span class='ocrx_word' id='word_1_152' title='bbox 919 1288 1041 1344; x_wconf 81' lang='lat' dir='ltr'><strong>fidelium</strong></span> <span class='ocrx_word' id='word_1_153' title='bbox 1090 1286 1133 1341; x_wconf 92' lang='lat' dir='ltr'><strong>vel</strong></span> <span class='ocrx_word' id='word_1_154' title='bbox 1152 1287 1310 1356; x_wconf 71' lang='lat' dir='ltr'><strong>procellosis</strong></span> <span class='ocrx_word' id='word_1_155' title='bbox 1329 1286 1460 1344; x_wconf 75' lang='lat' dir='ltr'><strong>Adriatici</strong></span> <span class='ocrx_word' id='word_1_156' title='bbox 1482 1292 1565 1345; x_wconf 89' lang='lat' dir='ltr'><strong>maris</strong></span> <span class='ocrx_word' id='word_1_157' title='bbox 1592 1292 1717 1349; x_wconf 86' lang='lat' dir='ltr'><strong>ductibus</strong></span> <span class='ocrx_word' id='word_1_158' title='bbox 1739 1298 1886 1366; x_wconf 85' lang='lat' dir='ltr'><strong>territum,</strong></span> 
     </span>
     <span class='ocr_line' id='line_1_13' title="bbox 242 1377 1886 1457; baseline 0.004 -16"><span class='ocrx_word' id='word_1_159' title='bbox 242 1386 330 1457; x_wconf 89' lang='lat' dir='ltr'><strong>epulis</strong></span> <span class='ocrx_word' id='word_1_160' title='bbox 338 1384 491 1438; x_wconf 89' lang='lat' dir='ltr'><strong>animarum</strong></span> <span class='ocrx_word' id='word_1_161' title='bbox 506 1381 629 1452; x_wconf 87' lang='lat' dir='ltr'><strong>apposita</strong></span> <span class='ocrx_word' id='word_1_162' title='bbox 640 1390 714 1436; x_wconf 88' lang='lat' dir='ltr'><strong>suut.</strong></span> <span class='ocrx_word' id='word_1_163' title='bbox 730 1377 784 1435; x_wconf 87' lang='lat' dir='ltr'><strong>Sed</strong></span> <span class='ocrx_word' id='word_1_164' title='bbox 804 1379 858 1433; x_wconf 91' lang='lat' dir='ltr'><strong>duo</strong></span> <span class='ocrx_word' id='word_1_165' title='bbox 872 1378 950 1434; x_wconf 91' lang='lat' dir='ltr'><strong>valde</strong></span> <span class='ocrx_word' id='word_1_166' title='bbox 962 1377 1043 1433; x_wconf 90' lang='lat' dir='ltr'><strong>nohis</strong></span> <span class='ocrx_word' id='word_1_167' title='bbox 1091 1390 1145 1445; x_wconf 90' lang='lat' dir='ltr'><strong>quo</strong></span> <span class='ocrx_word' id='word_1_168' title='bbox 1156 1377 1548 1451; x_wconf 87' lang='lat' dir='ltr'><strong>minussanctarumvirgiuum</strong></span> <span class='ocrx_word' id='word_1_169' title='bbox 1558 1383 1886 1453; x_wconf 89' lang='lat' dir='ltr'><strong>petitionibusanuueret.</strong></span> 
     </span>
     <span class='ocr_line' id='line_1_14' title="bbox 242 1469 1890 1548; baseline 0.002 -15"><span class='ocrx_word' id='word_1_170' title='bbox 242 1477 379 1533; x_wconf 90' lang='lat' dir='ltr'><strong>contraria</strong></span> <span class='ocrx_word' id='word_1_171' title='bbox 389 1475 547 1545; x_wconf 74' lang='lat' dir='ltr'><strong>quottidiana</strong></span> <span class='ocrx_word' id='word_1_172' title='bbox 562 1474 674 1531; x_wconf 85' lang='lat' dir='ltr'><strong>tristitia</strong></span> <span class='ocrx_word' id='word_1_173' title='bbox 687 1473 832 1543; x_wconf 82' lang='lat' dir='ltr'><strong>parvitatis</strong></span> <span class='ocrx_word' id='word_1_174' title='bbox 844 1481 946 1527; x_wconf 72' lang='lat' dir='ltr'><strong>nostrae</strong></span> <span class='ocrx_word' id='word_1_175' title='bbox 963 1484 1041 1524; x_wconf 71' lang='lat' dir='ltr'><strong>naen-</strong></span> <span class='ocrx_word' id='word_1_176' title='bbox 1092 1469 1189 1525; x_wconf 89' lang='lat' dir='ltr'><strong>llinorl</strong></span> <span class='ocrx_word' id='word_1_177' title='bbox 1202 1472 1332 1527; x_wconf 83' lang='lat' dir='ltr'><strong>vadosum</strong></span> <span class='ocrx_word' id='word_1_178' title='bbox 1346 1471 1436 1542; x_wconf 82' lang='lat' dir='ltr'><strong>Ligeri</strong></span> <span class='ocrx_word' id='word_1_179' title='bbox 1445 1471 1555 1540; x_wconf 87' lang='lat' dir='ltr'><strong>llnrnen,</strong></span> <span class='ocrx_word' id='word_1_180' title='bbox 1568 1491 1650 1545; x_wconf 86' lang='lat' dir='ltr'><strong>quam</strong></span> <span class='ocrx_word' id='word_1_181' title='bbox 1662 1479 1795 1548; x_wconf 84' lang='lat' dir='ltr'><strong>Tyrrheni</strong></span> <span class='ocrx_word' id='word_1_182' title='bbox 1804 1484 1890 1538; x_wconf 87' lang='lat' dir='ltr'><strong>maris</strong></span> 
     </span>
     <span class='ocr_line' id='line_1_15' title="bbox 243 1561 1889 1641; baseline 0.003 -18"><span class='ocrx_word' id='word_1_183' title='bbox 243 1578 298 1624; x_wconf 89' lang='lat' dir='ltr'><strong>tem</strong></span> <span class='ocrx_word' id='word_1_184' title='bbox 308 1568 432 1641; x_wconf 81' lang='lat' dir='ltr'><strong>fatigant.</strong></span> <span class='ocrx_word' id='word_1_185' title='bbox 450 1566 550 1632; x_wconf 89' lang='lat' dir='ltr'><strong>Unum,</strong></span> <span class='ocrx_word' id='word_1_186' title='bbox 562 1566 634 1636; x_wconf 88' lang='lat' dir='ltr'><strong>quod</strong></span> <span class='ocrx_word' id='word_1_187' title='bbox 653 1565 759 1621; x_wconf 86' lang='lat' dir='ltr'><strong>tardius</strong></span> <span class='ocrx_word' id='word_1_188' title='bbox 772 1563 853 1633; x_wconf 81' lang='lat' dir='ltr'><strong>hujus</strong></span> <span class='ocrx_word' id='word_1_189' title='bbox 871 1562 965 1633; x_wconf 90' lang='lat' dir='ltr'><strong>optimi</strong></span> <span class='ocrx_word' id='word_1_190' title='bbox 980 1568 1040 1616; x_wconf 89' lang='lat' dir='ltr'><strong>stu-</strong></span> <span class='ocrx_word' id='word_1_191' title='bbox 1091 1561 1215 1628; x_wconf 88' lang='lat' dir='ltr'><strong>latitudo,</strong></span> <span class='ocrx_word' id='word_1_192' title='bbox 1230 1564 1352 1632; x_wconf 88' lang='lat' dir='ltr'><strong>periculo</strong></span> <span class='ocrx_word' id='word_1_193' title='bbox 1369 1565 1520 1634; x_wconf 83' lang='lat' dir='ltr'><strong>navigatur.</strong></span> <span class='ocrx_word' id='word_1_194' title='bbox 1536 1567 1570 1621; x_wconf 83' lang='lat' dir='ltr'><strong>Et</strong></span> <span class='ocrx_word' id='word_1_195' title='bbox 1582 1568 1667 1623; x_wconf 88' lang='lat' dir='ltr'><strong>multo</strong></span> <span class='ocrx_word' id='word_1_196' title='bbox 1680 1569 1786 1627; x_wconf 77' lang='lat' dir='ltr'><strong>facilius</strong></span> <span class='ocrx_word' id='word_1_197' title='bbox 1804 1574 1889 1628; x_wconf 89' lang='lat' dir='ltr'><strong>char·</strong></span> 
     </span>
     <span class='ocr_line' id='line_1_16' title="bbox 243 1653 1891 1731; baseline 0.002 -14"><span class='ocrx_word' id='word_1_198' title='bbox 243 1660 280 1717; x_wconf 93' lang='lat' dir='ltr'><strong>dii</strong></span> <span class='ocrx_word' id='word_1_199' title='bbox 289 1659 456 1731; x_wconf 90' lang='lat' dir='ltr'><strong>diligentiam</strong></span> <span class='ocrx_word' id='word_1_200' title='bbox 470 1658 627 1722; x_wconf 91' lang='lat' dir='ltr'><strong>habuimus;</strong></span> <span class='ocrx_word' id='word_1_201' title='bbox 643 1655 726 1720; x_wconf 89' lang='lat' dir='ltr'><strong>aliud,</strong></span> <span class='ocrx_word' id='word_1_202' title='bbox 738 1655 810 1725; x_wconf 87' lang='lat' dir='ltr'><strong>qnod</strong></span> <span class='ocrx_word' id='word_1_203' title='bbox 821 1653 903 1709; x_wconf 84' lang='lat' dir='ltr'><strong>modo</strong></span> <span class='ocrx_word' id='word_1_204' title='bbox 914 1666 1041 1722; x_wconf 84' lang='lat' dir='ltr'><strong>magnam</strong></span> <span class='ocrx_word' id='word_1_205' title='bbox 1091 1660 1179 1708; x_wconf 86' lang='lat' dir='ltr'><strong>tarum</strong></span> <span class='ocrx_word' id='word_1_206' title='bbox 1204 1661 1327 1725; x_wconf 89' lang='lat' dir='ltr'><strong>portator</strong></span> <span class='ocrx_word' id='word_1_207' title='bbox 1341 1654 1561 1730; x_wconf 83' lang='lat' dir='ltr'><strong>[lis.,portitor]</strong></span> <span class='ocrx_word' id='word_1_208' title='bbox 1591 1667 1700 1716; x_wconf 90' lang='lat' dir='ltr'><strong>tuarum</strong></span> <span class='ocrx_word' id='word_1_209' title='bbox 1722 1663 1756 1719; x_wconf 92' lang='lat' dir='ltr'><strong>de</strong></span> <span class='ocrx_word' id='word_1_210' title='bbox 1769 1663 1891 1721; x_wconf 85' lang='lat' dir='ltr'><strong>Turonis</strong></span> 
     </span>
     <span class='ocr_line' id='line_1_17' title="bbox 243 1728 1889 1819; baseline 0.004 -12"><span class='ocrx_word' id='word_1_211' title='bbox 243 1749 406 1807; x_wconf 82' lang='lat' dir='ltr'><strong>habentibus</strong></span> <span class='ocrx_word' id='word_1_212' title='bbox 420 1747 610 1811; x_wconf 86' lang='lat' dir='ltr'><strong>devotionern,</strong></span> <span class='ocrx_word' id='word_1_213' title='bbox 625 1752 716 1801; x_wconf 79' lang='lat' dir='ltr'><strong>uestra</strong></span> <span class='ocrx_word' id='word_1_214' title='bbox 735 1742 919 1815; x_wconf 78' lang='lat' dir='ltr'><strong>longinquitas</strong></span> <span class='ocrx_word' id='word_1_215' title='bbox 931 1740 1039 1796; x_wconf 89' lang='lat' dir='ltr'><strong>deside·</strong></span> <span class='ocrx_word' id='word_1_216' title='bbox 1055 1728 1079 1788; x_wconf 83' lang='grc' dir='ltr'><strong>Β</strong></span> <span class='ocrx_word' id='word_1_217' title='bbox 1092 1744 1254 1813; x_wconf 83' lang='lat' dir='ltr'><strong>parisiacam</strong></span> <span class='ocrx_word' id='word_1_218' title='bbox 1267 1746 1414 1816; x_wconf 88' lang='lat' dir='ltr'><strong>civitatem,</strong></span> <span class='ocrx_word' id='word_1_219' title='bbox 1426 1764 1508 1819; x_wconf 89' lang='lat' dir='ltr'><strong>quarn</strong></span> <span class='ocrx_word' id='word_1_220' title='bbox 1520 1750 1592 1805; x_wconf 90' lang='lat' dir='ltr'><strong>illius</strong></span> <span class='ocrx_word' id='word_1_221' title='bbox 1604 1750 1638 1807; x_wconf 87' lang='lat' dir='ltr'><strong>de</strong></span> <span class='ocrx_word' id='word_1_222' title='bbox 1654 1751 1812 1810; x_wconf 80' lang='lat' dir='ltr'><strong>Bethlehem</strong></span> <span class='ocrx_word' id='word_1_223' title='bbox 1830 1756 1889 1813; x_wconf 84' lang='lat' dir='ltr'><strong>ilo·</strong></span> 
     </span>
     <span class='ocr_line' id='line_1_18' title="bbox 242 1831 1890 1908; baseline 0.002 -9"><span class='ocrx_word' id='word_1_224' title='bbox 242 1843 285 1899; x_wconf 90' lang='lat' dir='ltr'><strong>rio</strong></span> <span class='ocrx_word' id='word_1_225' title='bbox 299 1849 393 1898; x_wconf 88' lang='lat' dir='ltr'><strong>nostro</strong></span> <span class='ocrx_word' id='word_1_226' title='bbox 409 1840 477 1896; x_wconf 89' lang='lat' dir='ltr'><strong>satis</strong></span> <span class='ocrx_word' id='word_1_227' title='bbox 499 1838 616 1895; x_wconf 88' lang='lat' dir='ltr'><strong>obsistit.</strong></span> <span class='ocrx_word' id='word_1_228' title='bbox 643 1835 696 1892; x_wconf 87' lang='lat' dir='ltr'><strong>Sed</strong></span> <span class='ocrx_word' id='word_1_229' title='bbox 716 1844 854 1899; x_wconf 78' lang='lat' dir='ltr'><strong>uestram,</strong></span> <span class='ocrx_word' id='word_1_230' title='bbox 881 1831 1043 1889; x_wconf 86' lang='lat' dir='ltr'><strong>charissime</strong></span> <span class='ocrx_word' id='word_1_231' title='bbox 1094 1849 1166 1888; x_wconf 90' lang='lat' dir='ltr'><strong>mam</strong></span> <span class='ocrx_word' id='word_1_232' title='bbox 1179 1836 1320 1906; x_wconf 87' lang='lat' dir='ltr'><strong>pervenire</strong></span> <span class='ocrx_word' id='word_1_233' title='bbox 1330 1840 1432 1908; x_wconf 88' lang='lat' dir='ltr'><strong>poterit</strong></span> <span class='ocrx_word' id='word_1_234' title='bbox 1453 1851 1477 1893; x_wconf 81' lang='grc'><strong>1.</strong></span> <span class='ocrx_word' id='word_1_235' title='bbox 1497 1839 1557 1895; x_wconf 87' lang='lat' dir='ltr'><strong>Noli</strong></span> <span class='ocrx_word' id='word_1_236' title='bbox 1574 1849 1626 1895; x_wconf 81' lang='lat' dir='ltr'><strong>tuae</strong></span> <span class='ocrx_word' id='word_1_237' title='bbox 1637 1841 1790 1899; x_wconf 88' lang='lat' dir='ltr'><strong>devotionis</strong></span> <span class='ocrx_word' id='word_1_238' title='bbox 1808 1848 1890 1904; x_wconf 84' lang='lat' dir='ltr'><strong>nohis</strong></span> 
     </span>
     <span class='ocr_line' id='line_1_19' title="bbox 243 1925 1891 2004; baseline -0.004 -11"><span class='ocrx_word' id='word_1_239' title='bbox 243 1937 349 2001; x_wconf 87' lang='lat' dir='ltr'><strong>doctor,</strong></span> <span class='ocrx_word' id='word_1_240' title='bbox 366 1936 546 2004; x_wconf 81' lang='lat' dir='ltr'><strong>deprecamur</strong></span> <span class='ocrx_word' id='word_1_241' title='bbox 571 1931 721 2002; x_wconf 90' lang='lat' dir='ltr'><strong>pictatem,</strong></span> <span class='ocrx_word' id='word_1_242' title='bbox 751 1943 784 1984; x_wconf 90' lang='lat' dir='ltr'><strong>ne</strong></span> <span class='ocrx_word' id='word_1_243' title='bbox 812 1942 862 1983; x_wconf 92' lang='lat' dir='ltr'><strong>nos</strong></span> <span class='ocrx_word' id='word_1_244' title='bbox 888 1925 1042 1980; x_wconf 82' lang='lat' dir='ltr'><strong>litterarum</strong></span> <span class='ocrx_word' id='word_1_245' title='bbox 1094 1925 1254 1982; x_wconf 88' lang='lat' dir='ltr'><strong>subtrahere</strong></span> <span class='ocrx_word' id='word_1_246' title='bbox 1268 1928 1497 1995; x_wconf 88' lang='lat' dir='ltr'><strong>scientiam,noli</strong></span> <span class='ocrx_word' id='word_1_247' title='bbox 1507 1946 1648 1986; x_wconf 90' lang='lat' dir='ltr'><strong>accensam</strong></span> <span class='ocrx_word' id='word_1_248' title='bbox 1672 1933 1699 1986; x_wconf 89' lang='lat' dir='ltr'><strong>in</strong></span> <span class='ocrx_word' id='word_1_249' title='bbox 1712 1933 1891 1995; x_wconf 75' lang='lat' dir='ltr'><strong>telucemam</strong></span> 
     </span>
     <span class='ocr_line' id='line_1_20' title="bbox 244 2014 1890 2095; baseline 0.002 -14"><span class='ocrx_word' id='word_1_250' title='bbox 244 2035 353 2081; x_wconf 87' lang='lat' dir='ltr'><strong>tuarum</strong></span> <span class='ocrx_word' id='word_1_251' title='bbox 367 2024 464 2080; x_wconf 91' lang='lat' dir='ltr'><strong>solatio</strong></span> <span class='ocrx_word' id='word_1_252' title='bbox 476 2023 595 2078; x_wconf 76' lang='lat' dir='ltr'><strong>deseras.</strong></span> <span class='ocrx_word' id='word_1_253' title='bbox 615 2020 722 2075; x_wconf 87' lang='lat' dir='ltr'><strong>Poteris</strong></span> <span class='ocrx_word' id='word_1_254' title='bbox 743 2019 858 2088; x_wconf 86' lang='lat' dir='ltr'><strong>teipsum</strong></span> <span class='ocrx_word' id='word_1_255' title='bbox 879 2015 957 2071; x_wconf 89' lang='lat' dir='ltr'><strong>nobis</strong></span> <span class='ocrx_word' id='word_1_256' title='bbox 969 2028 1044 2083; x_wconf 79' lang='lat' dir='ltr'><strong>quae·</strong></span> <span class='ocrx_word' id='word_1_257' title='bbox 1094 2014 1185 2070; x_wconf 91' lang='lat' dir='ltr'><strong>modio</strong></span> <span class='ocrx_word' id='word_1_258' title='bbox 1203 2030 1354 2086; x_wconf 77' lang='lat' dir='ltr'><strong>supponere</strong></span> <span class='ocrx_word' id='word_1_259' title='bbox 1366 2018 1474 2090; x_wconf 64' lang='lat' dir='ltr'><strong>(linitis</strong></span> <span class='ocrx_word' id='word_1_260' title='bbox 1489 2038 1514 2088; x_wconf 92' lang='lat' dir='ltr'><strong>v,</strong></span> <span class='ocrx_word' id='word_1_261' title='bbox 1530 2020 1585 2093; x_wconf 83' lang='grc'><strong>15),</strong></span> <span class='ocrx_word' id='word_1_262' title='bbox 1599 2023 1641 2077; x_wconf 86' lang='lat' dir='ltr'><strong>vel</strong></span> <span class='ocrx_word' id='word_1_263' title='bbox 1654 2026 1784 2095; x_wconf 89' lang='lat' dir='ltr'><strong>torpentis</strong></span> <span class='ocrx_word' id='word_1_264' title='bbox 1798 2027 1890 2085; x_wconf 89' lang='lat' dir='ltr'><strong>lectuli</strong></span> 
     </span>
     <span class='ocr_line' id='line_1_21' title="bbox 243 2101 1889 2185; baseline -0.004 -13"><span class='ocrx_word' id='word_1_265' title='bbox 243 2116 366 2172; x_wconf 89' lang='lat' dir='ltr'><strong>rentibus</strong></span> <span class='ocrx_word' id='word_1_266' title='bbox 389 2127 438 2185; x_wconf 91' lang='lat' dir='ltr'><strong>per</strong></span> <span class='ocrx_word' id='word_1_267' title='bbox 451 2112 605 2168; x_wconf 85' lang='lat' dir='ltr'><strong>litterarum</strong></span> <span class='ocrx_word' id='word_1_268' title='bbox 618 2109 706 2164; x_wconf 84' lang='lat' dir='ltr'><strong>officia</strong></span> <span class='ocrx_word' id='word_1_269' title='bbox 718 2107 875 2170; x_wconf 90' lang='lat' dir='ltr'><strong>ostendere,</strong></span> <span class='ocrx_word' id='word_1_270' title='bbox 890 2112 920 2159; x_wconf 90' lang='lat' dir='ltr'><strong>ut</strong></span> <span class='ocrx_word' id='word_1_271' title='bbox 940 2101 1043 2158; x_wconf 89' lang='lat' dir='ltr'><strong>iutelli-</strong></span> <span class='ocrx_word' id='word_1_272' title='bbox 1094 2104 1186 2175; x_wconf 87' lang='lat' dir='ltr'><strong>quiete</strong></span> <span class='ocrx_word' id='word_1_273' title='bbox 1207 2106 1392 2176; x_wconf 89' lang='lat' dir='ltr'><strong>abscondere;</strong></span> <span class='ocrx_word' id='word_1_274' title='bbox 1423 2111 1471 2166; x_wconf 76' lang='lat' dir='ltr'><strong>sal</strong></span> <span class='ocrx_word' id='word_1_275' title='bbox 1496 2111 1627 2181; x_wconf 71' lang='lat' dir='ltr'><strong>praecelso</strong></span> <span class='ocrx_word' id='word_1_276' title='bbox 1650 2127 1803 2185; x_wconf 80' lang='lat' dir='ltr'><strong>superpone</strong></span> <span class='ocrx_word' id='word_1_277' title='bbox 1828 2133 1889 2175; x_wconf 61' lang='lat' dir='ltr'><strong>mm</strong></span> 
     </span>
     <span class='ocr_line' id='line_1_22' title="bbox 244 2193 1886 2274; baseline 0.002 -15"><span class='ocrx_word' id='word_1_278' title='bbox 244 2213 325 2274; x_wconf 86' lang='lat' dir='ltr'><strong>gatur</strong></span> <span class='ocrx_word' id='word_1_279' title='bbox 337 2218 388 2258; x_wconf 88' lang='lat' dir='ltr'><strong>vor</strong></span> <span class='ocrx_word' id='word_1_280' title='bbox 401 2210 448 2258; x_wconf 90' lang='lat' dir='ltr'><strong>tua</strong></span> <span class='ocrx_word' id='word_1_281' title='bbox 461 2202 487 2256; x_wconf 91' lang='lat' dir='ltr'><strong>in</strong></span> <span class='ocrx_word' id='word_1_282' title='bbox 501 2215 602 2257; x_wconf 90' lang='lat' dir='ltr'><strong>arcano</strong></span> <span class='ocrx_word' id='word_1_283' title='bbox 612 2199 703 2256; x_wconf 85' lang='lat' dir='ltr'><strong>cordis</strong></span> <span class='ocrx_word' id='word_1_284' title='bbox 716 2199 804 2255; x_wconf 90' lang='lat' dir='ltr'><strong>nostri</strong></span> <span class='ocrx_word' id='word_1_285' title='bbox 817 2195 964 2251; x_wconf 89' lang='lat' dir='ltr'><strong>desiderio.</strong></span> <span class='ocrx_word' id='word_1_286' title='bbox 974 2193 1042 2249; x_wconf 86' lang='lat' dir='ltr'><strong>Nam</strong></span> <span class='ocrx_word' id='word_1_287' title='bbox 1094 2193 1266 2260; x_wconf 87' lang='lat' dir='ltr'><strong>candelabro,</strong></span> <span class='ocrx_word' id='word_1_288' title='bbox 1276 2205 1306 2251; x_wconf 92' lang='lat' dir='ltr'><strong>ut</strong></span> <span class='ocrx_word' id='word_1_289' title='bbox 1317 2197 1408 2253; x_wconf 86' lang='lat' dir='ltr'><strong>luceat</strong></span> <span class='ocrx_word' id='word_1_290' title='bbox 1417 2200 1544 2256; x_wconf 90' lang='lat' dir='ltr'><strong>omnibus</strong></span> <span class='ocrx_word' id='word_1_291' title='bbox 1556 2202 1602 2271; x_wconf 89' lang='lat' dir='ltr'><strong>qui</strong></span> <span class='ocrx_word' id='word_1_292' title='bbox 1617 2202 1645 2257; x_wconf 92' lang='lat' dir='ltr'><strong>lu</strong></span> <span class='ocrx_word' id='word_1_293' title='bbox 1659 2203 1738 2259; x_wconf 88' lang='lat' dir='ltr'><strong>domo</strong></span> <span class='ocrx_word' id='word_1_294' title='bbox 1752 2205 1801 2260; x_wconf 81' lang='lat' dir='ltr'><strong>uei</strong></span> <span class='ocrx_word' id='word_1_295' title='bbox 1812 2217 1886 2262; x_wconf 70' lang='lat' dir='ltr'><strong>sant,</strong></span> 
     </span>
     <span class='ocr_line' id='line_1_23' title="bbox 244 2284 1891 2364; baseline -0.001 -13"><span class='ocrx_word' id='word_1_296' title='bbox 244 2296 316 2351; x_wconf 88' lang='lat' dir='ltr'><strong>sicut</strong></span> <span class='ocrx_word' id='word_1_297' title='bbox 328 2292 463 2364; x_wconf 91' lang='lat' dir='ltr'><strong>loquentis</strong></span> <span class='ocrx_word' id='word_1_298' title='bbox 476 2291 567 2363; x_wconf 90' lang='lat' dir='ltr'><strong>lingua</strong></span> <span class='ocrx_word' id='word_1_299' title='bbox 582 2291 611 2345; x_wconf 90' lang='lat' dir='ltr'><strong>in</strong></span> <span class='ocrx_word' id='word_1_300' title='bbox 628 2304 695 2344; x_wconf 89' lang='lat' dir='ltr'><strong>aure</strong></span> <span class='ocrx_word' id='word_1_301' title='bbox 707 2287 852 2353; x_wconf 89' lang='lat' dir='ltr'><strong>audientis,</strong></span> <span class='ocrx_word' id='word_1_302' title='bbox 868 2287 906 2341; x_wconf 90' lang='lat' dir='ltr'><strong>ita</strong></span> <span class='ocrx_word' id='word_1_303' title='bbox 921 2284 1044 2341; x_wconf 89' lang='lat' dir='ltr'><strong>scriben-</strong></span> <span class='ocrx_word' id='word_1_304' title='bbox 1093 2284 1166 2339; x_wconf 90' lang='lat' dir='ltr'><strong>intra</strong></span> <span class='ocrx_word' id='word_1_305' title='bbox 1190 2296 1346 2343; x_wconf 89' lang='lat' dir='ltr'><strong>sauctorum</strong></span> <span class='ocrx_word' id='word_1_306' title='bbox 1359 2289 1552 2361; x_wconf 81' lang='lat' dir='ltr'><strong>gazophylacia</strong></span> <span class='ocrx_word' id='word_1_307' title='bbox 1572 2291 1711 2348; x_wconf 88' lang='lat' dir='ltr'><strong>doctorum</strong></span> <span class='ocrx_word' id='word_1_308' title='bbox 1725 2334 1733 2359; x_wconf 95' lang='lat'><strong>,</strong></span> <span class='ocrx_word' id='word_1_309' title='bbox 1747 2301 1775 2348; x_wconf 89' lang='lat' dir='ltr'><strong>et</strong></span> <span class='ocrx_word' id='word_1_310' title='bbox 1797 2295 1891 2364; x_wconf 84' lang='lat' dir='ltr'><strong>proier</strong></span> 
     </span>
     <span class='ocr_line' id='line_1_24' title="bbox 244 2376 1887 2454; baseline 0.002 -16"><span class='ocrx_word' id='word_1_311' title='bbox 244 2387 281 2443; x_wconf 90' lang='lat' dir='ltr'><strong>tis</strong></span> <span class='ocrx_word' id='word_1_312' title='bbox 292 2385 414 2441; x_wconf 88' lang='lat' dir='ltr'><strong>calamus</strong></span> <span class='ocrx_word' id='word_1_313' title='bbox 427 2383 534 2454; x_wconf 87' lang='lat' dir='ltr'><strong>prolicit</strong></span> <span class='ocrx_word' id='word_1_314' title='bbox 546 2382 572 2436; x_wconf 92' lang='lat' dir='ltr'><strong>in</strong></span> <span class='ocrx_word' id='word_1_315' title='bbox 586 2380 664 2436; x_wconf 89' lang='lat' dir='ltr'><strong>oculo</strong></span> <span class='ocrx_word' id='word_1_316' title='bbox 673 2380 788 2451; x_wconf 86' lang='lat' dir='ltr'><strong>legentis</strong></span> <span class='ocrx_word' id='word_1_317' title='bbox 804 2396 810 2431; x_wconf 91' lang='lat'>:</span> <span class='ocrx_word' id='word_1_318' title='bbox 831 2377 902 2433; x_wconf 89' lang='lat' dir='ltr'><strong>etad</strong></span> <span class='ocrx_word' id='word_1_319' title='bbox 913 2376 1043 2431; x_wconf 89' lang='lat' dir='ltr'><strong>interiora</strong></span> <span class='ocrx_word' id='word_1_320' title='bbox 1094 2378 1182 2443; x_wconf 90' lang='lat' dir='ltr'><strong>nohis,</strong></span> <span class='ocrx_word' id='word_1_321' title='bbox 1203 2378 1287 2435; x_wconf 90' lang='lat' dir='ltr'><strong>veluti</strong></span> <span class='ocrx_word' id='word_1_322' title='bbox 1298 2378 1472 2437; x_wconf 87' lang='lat' dir='ltr'><strong>doctissimus</strong></span> <span class='ocrx_word' id='word_1_323' title='bbox 1483 2382 1585 2447; x_wconf 82' lang='lat' dir='ltr'><strong>scriba,</strong></span> <span class='ocrx_word' id='word_1_324' title='bbox 1598 2390 1651 2439; x_wconf 90' lang='lat' dir='ltr'><strong>eta</strong></span> <span class='ocrx_word' id='word_1_325' title='bbox 1665 2383 1782 2440; x_wconf 85' lang='lat' dir='ltr'><strong>Domino</strong></span> <span class='ocrx_word' id='word_1_326' title='bbox 1791 2385 1887 2442; x_wconf 88' lang='lat' dir='ltr'><strong>landa-</strong></span> 
     </span>
     <span class='ocr_line' id='line_1_25' title="bbox 243 2465 1889 2546; baseline -0.001 -14"><span class='ocrx_word' id='word_1_327' title='bbox 243 2475 334 2532; x_wconf 87' lang='lat' dir='ltr'><strong>conlis</strong></span> <span class='ocrx_word' id='word_1_328' title='bbox 345 2473 470 2546; x_wconf 86' lang='lat' dir='ltr'><strong>pervenit</strong></span> <span class='ocrx_word' id='word_1_329' title='bbox 494 2487 591 2527; x_wconf 88' lang='lat' dir='ltr'><strong>sensus</strong></span> <span class='ocrx_word' id='word_1_330' title='bbox 618 2470 774 2541; x_wconf 87' lang='lat' dir='ltr'><strong>dirigentis,</strong></span> <span class='ocrx_word' id='word_1_331' title='bbox 803 2468 873 2522; x_wconf 84' lang='lat' dir='ltr'><strong>slent</strong></span> <span class='ocrx_word' id='word_1_332' title='bbox 893 2467 976 2521; x_wconf 85' lang='lat' dir='ltr'><strong>rerba</strong></span> <span class='ocrx_word' id='word_1_333' title='bbox 1002 2465 1045 2520; x_wconf 92' lang='lat' dir='ltr'><strong>in·</strong></span> <span class='ocrx_word' id='word_1_334' title='bbox 1096 2477 1139 2524; x_wconf 91' lang='lat' dir='ltr'><strong>tus</strong></span> <span class='ocrx_word' id='word_1_335' title='bbox 1163 2483 1232 2524; x_wconf 90' lang='lat' dir='ltr'><strong>nova</strong></span> <span class='ocrx_word' id='word_1_336' title='bbox 1250 2477 1278 2523; x_wconf 91' lang='lat' dir='ltr'><strong>et</strong></span> <span class='ocrx_word' id='word_1_337' title='bbox 1298 2478 1391 2525; x_wconf 90' lang='lat' dir='ltr'><strong>vetera</strong></span> <span class='ocrx_word' id='word_1_338' title='bbox 1407 2470 1515 2543; x_wconf 74' lang='lat' dir='ltr'><strong>(Metti.</strong></span> <span class='ocrx_word' id='word_1_339' title='bbox 1528 2487 1590 2538; x_wconf 86' lang='lat' dir='ltr'><strong>xrvr,</strong></span> <span class='ocrx_word' id='word_1_340' title='bbox 1604 2472 1660 2546; x_wconf 72' lang='lat'><strong>52).</strong></span> <span class='ocrx_word' id='word_1_341' title='bbox 1674 2472 1769 2529; x_wconf 75' lang='lat' dir='ltr'><strong>Aderit</strong></span> <span class='ocrx_word' id='word_1_342' title='bbox 1790 2476 1838 2530; x_wconf 90' lang='lat' dir='ltr'><strong>tibi</strong></span> <span class='ocrx_word' id='word_1_343' title='bbox 1861 2478 1889 2531; x_wconf 91' lang='lat' dir='ltr'><strong>in</strong></span> 
     </span>
     <span class='ocr_line' id='line_1_26' title="bbox 243 2556 1890 2633; baseline -0.002 -10"><span class='ocrx_word' id='word_1_344' title='bbox 243 2566 386 2623; x_wconf 90' lang='lat' dir='ltr'><strong>struentis.</strong></span> <span class='ocrx_word' id='word_1_345' title='bbox 398 2563 578 2633; x_wconf 77' lang='lat' dir='ltr'><strong>Qttapropter,</strong></span> <span class='ocrx_word' id='word_1_346' title='bbox 591 2559 749 2615; x_wconf 90' lang='lat' dir='ltr'><strong>beatissime</strong></span> <span class='ocrx_word' id='word_1_347' title='bbox 756 2558 849 2623; x_wconf 81' lang='lat' dir='ltr'><strong>Pater,</strong></span> <span class='ocrx_word' id='word_1_348' title='bbox 862 2557 944 2612; x_wconf 88' lang='lat' dir='ltr'><strong>nolite</strong></span> <span class='ocrx_word' id='word_1_349' title='bbox 955 2556 1044 2626; x_wconf 89' lang='lat' dir='ltr'><strong>ipsum</strong></span> <span class='ocrx_word' id='word_1_350' title='bbox 1094 2559 1194 2616; x_wconf 91' lang='lat' dir='ltr'><strong>itinere</strong></span> <span class='ocrx_word' id='word_1_351' title='bbox 1207 2560 1286 2631; x_wconf 75' lang='lat' dir='ltr'><strong>huius</strong></span> <span class='ocrx_word' id='word_1_352' title='bbox 1300 2561 1402 2617; x_wconf 89' lang='lat' dir='ltr'><strong>laboris</strong></span> <span class='ocrx_word' id='word_1_353' title='bbox 1419 2561 1493 2617; x_wconf 89' lang='lat' dir='ltr'><strong>iilius</strong></span> <span class='ocrx_word' id='word_1_354' title='bbox 1509 2563 1614 2633; x_wconf 90' lang='lat' dir='ltr'><strong>gratia;</strong></span> <span class='ocrx_word' id='word_1_355' title='bbox 1630 2564 1676 2633; x_wconf 90' lang='lat' dir='ltr'><strong>qui</strong></span> <span class='ocrx_word' id='word_1_356' title='bbox 1692 2565 1796 2620; x_wconf 83' lang='lat' dir='ltr'><strong>duobus</strong></span> <span class='ocrx_word' id='word_1_357' title='bbox 1808 2566 1890 2621; x_wconf 83' lang='lat' dir='ltr'><strong>disci·</strong></span> 
     </span>
     <span class='ocr_line' id='line_1_27' title="bbox 243 2646 1891 2728; baseline -0.001 -15"><span class='ocrx_word' id='word_1_358' title='bbox 243 2657 323 2713; x_wconf 91' lang='lat' dir='ltr'><strong>nobis</strong></span> <span class='ocrx_word' id='word_1_359' title='bbox 332 2670 443 2728; x_wconf 88' lang='lat' dir='ltr'><strong>negare.</strong></span> <span class='ocrx_word' id='word_1_360' title='bbox 455 2653 541 2724; x_wconf 86' lang='lat' dir='ltr'><strong>irriga</strong></span> <span class='ocrx_word' id='word_1_361' title='bbox 561 2650 695 2708; x_wconf 75' lang='lat' dir='ltr'><strong>salutiferi</strong></span> <span class='ocrx_word' id='word_1_362' title='bbox 714 2649 782 2724; x_wconf 81' lang='lat' dir='ltr'><strong>[Al.,</strong></span> <span class='ocrx_word' id='word_1_363' title='bbox 804 2647 944 2719; x_wconf 71' lang='lat' dir='ltr'><strong>salutaris]</strong></span> <span class='ocrx_word' id='word_1_364' title='bbox 960 2646 1044 2701; x_wconf 77' lang='lat' dir='ltr'><strong>lorrds</strong></span> <span class='ocrx_word' id='word_1_365' title='bbox 1094 2649 1165 2721; x_wconf 90' lang='lat' dir='ltr'><strong>pulis</strong></span> <span class='ocrx_word' id='word_1_366' title='bbox 1175 2651 1337 2706; x_wconf 91' lang='lat' dir='ltr'><strong>euntibusin</strong></span> <span class='ocrx_word' id='word_1_367' title='bbox 1353 2652 1406 2718; x_wconf 91' lang='lat' dir='ltr'><strong>via,</strong></span> <span class='ocrx_word' id='word_1_368' title='bbox 1422 2652 1531 2708; x_wconf 89' lang='lat' dir='ltr'><strong>tertium</strong></span> <span class='ocrx_word' id='word_1_369' title='bbox 1542 2668 1571 2708; x_wconf 88' lang='lat' dir='ltr'><strong>se</strong></span> <span class='ocrx_word' id='word_1_370' title='bbox 1582 2654 1685 2709; x_wconf 78' lang='lat' dir='ltr'><strong>mnium</strong></span> <span class='ocrx_word' id='word_1_371' title='bbox 1698 2655 1812 2723; x_wconf 79' lang='lat' dir='ltr'><strong>addidit,</strong></span> <span class='ocrx_word' id='word_1_372' title='bbox 1824 2656 1891 2712; x_wconf 85' lang='lat' dir='ltr'><strong>illis-</strong></span> 
     </span>
     <span class='ocr_line' id='line_1_28' title="bbox 244 2741 1889 2820; baseline -0.002 -16"><span class='ocrx_word' id='word_1_373' title='bbox 244 2750 328 2816; x_wconf 89' lang='lat' dir='ltr'><strong>unda,</strong></span> <span class='ocrx_word' id='word_1_374' title='bbox 340 2756 451 2820; x_wconf 85' lang='lat' dir='ltr'><strong>pectora</strong></span> <span class='ocrx_word' id='word_1_375' title='bbox 461 2753 562 2802; x_wconf 79' lang='lat' dir='ltr'><strong>nostre</strong></span> <span class='ocrx_word' id='word_1_376' title='bbox 572 2742 716 2815; x_wconf 91' lang='lat' dir='ltr'><strong>parvitatis</strong></span> <span class='ocrx_word' id='word_1_377' title='bbox 727 2743 843 2800; x_wconf 87' lang='lat' dir='ltr'><strong>arentia.</strong></span> <span class='ocrx_word' id='word_1_378' title='bbox 857 2741 965 2798; x_wconf 64' lang='lat' dir='ltr'><strong>&amp;imnis</strong></span> <span class='ocrx_word' id='word_1_379' title='bbox 979 2741 1005 2795; x_wconf 94' lang='lat' dir='ltr'><strong>in</strong></span> <span class='ocrx_word' id='word_1_380' title='bbox 1016 2746 1044 2794; x_wconf 91' lang='lat' dir='ltr'><strong>te</strong></span> <span class='ocrx_word' id='word_1_381' title='bbox 1094 2757 1147 2812; x_wconf 89' lang='lat' dir='ltr'><strong>que</strong></span> <span class='ocrx_word' id='word_1_382' title='bbox 1166 2757 1263 2798; x_wconf 87' lang='lat' dir='ltr'><strong>sensus</strong></span> <span class='ocrx_word' id='word_1_383' title='bbox 1275 2744 1391 2813; x_wconf 89' lang='lat' dir='ltr'><strong>aperuit,</strong></span> <span class='ocrx_word' id='word_1_384' title='bbox 1407 2751 1436 2799; x_wconf 92' lang='lat' dir='ltr'><strong>ut</strong></span> <span class='ocrx_word' id='word_1_385' title='bbox 1448 2753 1558 2801; x_wconf 87' lang='lat' dir='ltr'><strong>sanctas</strong></span> <span class='ocrx_word' id='word_1_386' title='bbox 1570 2744 1750 2816; x_wconf 79' lang='lat' dir='ltr'><strong>intelligerent</strong></span> <span class='ocrx_word' id='word_1_387' title='bbox 1764 2744 1889 2815; x_wconf 83' lang='lat' dir='ltr'><strong>Scriptu-</strong></span> 
     </span>
     <span class='ocr_line' id='line_1_29' title="bbox 246 2828 1890 2906; baseline -0.002 -9"><span class='ocrx_word' id='word_1_388' title='bbox 246 2855 309 2897; x_wconf 87' lang='lat' dir='ltr'><strong>esse</strong></span> <span class='ocrx_word' id='word_1_389' title='bbox 329 2839 431 2895; x_wconf 84' lang='lat' dir='ltr'><strong>iontem</strong></span> <span class='ocrx_word' id='word_1_390' title='bbox 446 2836 562 2892; x_wconf 70' lang='lat' dir='ltr'><strong>viventes</strong></span> <span class='ocrx_word' id='word_1_391' title='bbox 574 2850 662 2906; x_wconf 87' lang='lat' dir='ltr'><strong>aquae,</strong></span> <span class='ocrx_word' id='word_1_392' title='bbox 673 2850 734 2905; x_wconf 80' lang='lat' dir='ltr'><strong>quae</strong></span> <span class='ocrx_word' id='word_1_393' title='bbox 751 2832 829 2906; x_wconf 70' lang='lat' dir='ltr'><strong>[lis.</strong></span> <span class='ocrx_word' id='word_1_394' title='bbox 843 2831 915 2904; x_wconf 89' lang='lat' dir='ltr'><strong>qui],</strong></span> <span class='ocrx_word' id='word_1_395' title='bbox 929 2828 1043 2885; x_wconf 87' lang='lat' dir='ltr'><strong>Domino</strong></span> <span class='ocrx_word' id='word_1_396' title='bbox 1098 2847 1154 2888; x_wconf 90' lang='lat' dir='ltr'><strong>ras.</strong></span> <span class='ocrx_word' id='word_1_397' title='bbox 1169 2833 1310 2901; x_wconf 83' lang='lat' dir='ltr'><strong>Quomodo</strong></span> <span class='ocrx_word' id='word_1_398' title='bbox 1321 2835 1423 2904; x_wconf 88' lang='lat' dir='ltr'><strong>poteris</strong></span> <span class='ocrx_word' id='word_1_399' title='bbox 1445 2835 1562 2906; x_wconf 91' lang='lat' dir='ltr'><strong>teipsum</strong></span> <span class='ocrx_word' id='word_1_400' title='bbox 1577 2850 1592 2889; x_wconf 92' lang='lat' dir='ltr'><strong>a</strong></span> <span class='ocrx_word' id='word_1_401' title='bbox 1605 2835 1683 2905; x_wconf 89' lang='lat' dir='ltr'><strong>culpa</strong></span> <span class='ocrx_word' id='word_1_402' title='bbox 1699 2835 1890 2894; x_wconf 84' lang='lat' dir='ltr'><strong>tacitumitatia</strong></span> 
     </span>
     <span class='ocr_line' id='line_1_30' title="bbox 246 2918 1888 2998; baseline -0.002 -12"><span class='ocrx_word' id='word_1_403' title='bbox 246 2930 374 2994; x_wconf 89' lang='lat' dir='ltr'><strong>dicente,</strong></span> <span class='ocrx_word' id='word_1_404' title='bbox 397 2927 475 2984; x_wconf 88' lang='lat' dir='ltr'><strong>saliet</strong></span> <span class='ocrx_word' id='word_1_405' title='bbox 494 2927 522 2981; x_wconf 94' lang='lat' dir='ltr'><strong>in</strong></span> <span class='ocrx_word' id='word_1_406' title='bbox 541 2926 625 2980; x_wconf 82' lang='lat' dir='ltr'><strong>rium</strong></span> <span class='ocrx_word' id='word_1_407' title='bbox 649 2932 779 2980; x_wconf 73' lang='lat' dir='ltr'><strong>aeternam</strong></span> <span class='ocrx_word' id='word_1_408' title='bbox 804 2923 896 2996; x_wconf 75' lang='lat' dir='ltr'><strong>(laon.</strong></span> <span class='ocrx_word' id='word_1_409' title='bbox 923 2937 960 2986; x_wconf 88' lang='lat' dir='ltr'><strong>tv,</strong></span> <span class='ocrx_word' id='word_1_410' title='bbox 985 2918 1041 2990; x_wconf 82' lang='grc'><strong>11).</strong></span> <span class='ocrx_word' id='word_1_411' title='bbox 1094 2923 1166 2992; x_wconf 88' lang='lat' dir='ltr'><strong>apud</strong></span> <span class='ocrx_word' id='word_1_412' title='bbox 1181 2937 1242 2979; x_wconf 89' lang='lat' dir='ltr'><strong>eum</strong></span> <span class='ocrx_word' id='word_1_413' title='bbox 1253 2938 1384 2979; x_wconf 82' lang='lat' dir='ltr'><strong>excusare</strong></span> <span class='ocrx_word' id='word_1_414' title='bbox 1394 2925 1440 2994; x_wconf 90' lang='lat' dir='ltr'><strong>qui</strong></span> <span class='ocrx_word' id='word_1_415' title='bbox 1454 2924 1493 2979; x_wconf 92' lang='lat' dir='ltr'><strong>ait</strong></span> <span class='ocrx_word' id='word_1_416' title='bbox 1506 2941 1513 2979; x_wconf 92' lang='lat'><strong>:</strong></span> <span class='ocrx_word' id='word_1_417' title='bbox 1527 2923 1605 2980; x_wconf 82' lang='lat' dir='ltr'><strong>Ormi</strong></span> <span class='ocrx_word' id='word_1_418' title='bbox 1616 2925 1710 2995; x_wconf 82' lang='lat' dir='ltr'><strong>petenti</strong></span> <span class='ocrx_word' id='word_1_419' title='bbox 1722 2934 1747 2982; x_wconf 83' lang='lat' dir='ltr'><strong>te</strong></span> <span class='ocrx_word' id='word_1_420' title='bbox 1760 2926 1796 2981; x_wconf 82' lang='lat' dir='ltr'><strong>do</strong></span> <span class='ocrx_word' id='word_1_421' title='bbox 1811 2923 1888 2998; x_wconf 80' lang='lat' dir='ltr'><strong>(Lac.</strong></span> 
     </span>
     <span class='ocr_line' id='line_1_31' title="bbox 245 3013 1888 3095; baseline -0.002 -17"><span class='ocrx_word' id='word_1_422' title='bbox 245 3021 377 3079; x_wconf 83' lang='lat' dir='ltr'><strong>Nolumus</strong></span> <span class='ocrx_word' id='word_1_423' title='bbox 402 3019 459 3095; x_wconf 86' lang='lat' dir='ltr'><strong>[ut]</strong></span> <span class='ocrx_word' id='word_1_424' title='bbox 479 3020 513 3075; x_wconf 91' lang='lat' dir='ltr'><strong>ad</strong></span> <span class='ocrx_word' id='word_1_425' title='bbox 535 3027 562 3075; x_wconf 92' lang='lat' dir='ltr'><strong>te</strong></span> <span class='ocrx_word' id='word_1_426' title='bbox 577 3018 713 3090; x_wconf 89' lang='lat' dir='ltr'><strong>pertineat</strong></span> <span class='ocrx_word' id='word_1_427' title='bbox 726 3017 798 3088; x_wconf 90' lang='lat' dir='ltr'><strong>qnod</strong></span> <span class='ocrx_word' id='word_1_428' title='bbox 820 3015 946 3071; x_wconf 86' lang='lat' dir='ltr'><strong>Salomon</strong></span> <span class='ocrx_word' id='word_1_429' title='bbox 958 3015 996 3069; x_wconf 91' lang='lat' dir='ltr'><strong>ait</strong></span> <span class='ocrx_word' id='word_1_430' title='bbox 1009 3013 1044 3069; x_wconf 90' lang='lat' dir='ltr'><strong>de</strong></span> <span class='ocrx_word' id='word_1_431' title='bbox 1094 3031 1171 3081; x_wconf 79' lang='lat' dir='ltr'><strong>xxiv,</strong></span> <span class='ocrx_word' id='word_1_432' title='bbox 1184 3014 1306 3088; x_wconf 62' lang='lat' dir='ltr'><strong>hiemi,</strong></span> <span class='ocrx_word' id='word_1_433' title='bbox 1320 3018 1439 3073; x_wconf 84' lang='lat' dir='ltr'><strong>maxime</strong></span> <span class='ocrx_word' id='word_1_434' title='bbox 1452 3016 1515 3072; x_wconf 85' lang='lat' dir='ltr'><strong>duna</strong></span> <span class='ocrx_word' id='word_1_435' title='bbox 1526 3016 1679 3073; x_wconf 91' lang='lat' dir='ltr'><strong>nullatenus</strong></span> <span class='ocrx_word' id='word_1_436' title='bbox 1691 3017 1740 3073; x_wconf 92' lang='lat' dir='ltr'><strong>tibi</strong></span> <span class='ocrx_word' id='word_1_437' title='bbox 1753 3017 1888 3074; x_wconf 91' lang='lat' dir='ltr'><strong>minuetur</strong></span> 
     </span>
     <span class='ocr_line' id='line_1_32' title="bbox 247 3086 1891 3187; baseline -0.007 -14"><span class='ocrx_word' id='word_1_438' title='bbox 247 3117 291 3173; x_wconf 90' lang='lat' dir='ltr'><strong>his</strong></span> <span class='ocrx_word' id='word_1_439' title='bbox 307 3114 354 3187; x_wconf 89' lang='lat' dir='ltr'><strong>qui</strong></span> <span class='ocrx_word' id='word_1_440' title='bbox 381 3128 458 3169; x_wconf 84' lang='lat' dir='ltr'><strong>suana</strong></span> <span class='ocrx_word' id='word_1_441' title='bbox 473 3111 562 3167; x_wconf 88' lang='lat' dir='ltr'><strong>solent</strong></span> <span class='ocrx_word' id='word_1_442' title='bbox 574 3109 663 3166; x_wconf 87' lang='lat' dir='ltr'><strong>celare</strong></span> <span class='ocrx_word' id='word_1_443' title='bbox 690 3108 852 3178; x_wconf 87' lang='lat' dir='ltr'><strong>sapientiam</strong></span> <span class='ocrx_word' id='word_1_444' title='bbox 869 3125 875 3160; x_wconf 95' lang='lat'><strong>:</strong></span> <span class='ocrx_word' id='word_1_445' title='bbox 893 3086 1080 3160; x_wconf 67' lang='lat' dir='ltr'><strong>incanuisse</strong></span> <span class='ocrx_word' id='word_1_446' title='bbox 1096 3107 1168 3179; x_wconf 88' lang='lat' dir='ltr'><strong>quod</strong></span> <span class='ocrx_word' id='word_1_447' title='bbox 1190 3106 1316 3175; x_wconf 88' lang='lat' dir='ltr'><strong>dederis,</strong></span> <span class='ocrx_word' id='word_1_448' title='bbox 1336 3109 1383 3164; x_wconf 91' lang='lat' dir='ltr'><strong>sed</strong></span> <span class='ocrx_word' id='word_1_449' title='bbox 1404 3109 1498 3163; x_wconf 89' lang='lat' dir='ltr'><strong>datum</strong></span> <span class='ocrx_word' id='word_1_450' title='bbox 1522 3109 1609 3180; x_wconf 87' lang='lat' dir='ltr'><strong>magis</strong></span> <span class='ocrx_word' id='word_1_451' title='bbox 1620 3110 1749 3181; x_wconf 80' lang='lat' dir='ltr'><strong>augetur?</strong></span> <span class='ocrx_word' id='word_1_452' title='bbox 1771 3108 1891 3180; x_wconf 71' lang='lat' dir='ltr'><strong>Spirims</strong></span> 
     </span>
     <span class='ocr_line' id='line_1_33' title="bbox 244 3195 1890 3275; baseline -0.005 -12"><span class='ocrx_word' id='word_1_453' title='bbox 244 3206 408 3270; x_wconf 77' lang='lat' dir='ltr'><strong>occultatas,</strong></span> <span class='ocrx_word' id='word_1_454' title='bbox 433 3212 458 3260; x_wconf 85' lang='lat' dir='ltr'><strong>et</strong></span> <span class='ocrx_word' id='word_1_455' title='bbox 483 3202 615 3275; x_wconf 83' lang='lat' dir='ltr'><strong>sapientia</strong></span> <span class='ocrx_word' id='word_1_456' title='bbox 632 3200 784 3256; x_wconf 69' lang='lat' dir='ltr'><strong>maconditn</strong></span> <span class='ocrx_word' id='word_1_457' title='bbox 797 3240 805 3264; x_wconf 95' lang='lat'><strong>,</strong></span> <span class='ocrx_word' id='word_1_458' title='bbox 820 3214 879 3269; x_wconf 83' lang='lat' dir='ltr'><strong>qrvoe</strong></span> <span class='ocrx_word' id='word_1_459' title='bbox 896 3195 996 3251; x_wconf 82' lang='lat' dir='ltr'><strong>utiliter</strong></span> <span class='ocrx_word' id='word_1_460' title='bbox 1016 3195 1045 3250; x_wconf 84' lang='lat' dir='ltr'><strong>in</strong></span> <span class='ocrx_word' id='word_1_461' title='bbox 1094 3197 1242 3270; x_wconf 84' lang='lat' dir='ltr'><strong>paraclitus</strong></span> <span class='ocrx_word' id='word_1_462' title='bbox 1257 3198 1330 3254; x_wconf 80' lang='lat' dir='ltr'><strong>oanni</strong></span> <span class='ocrx_word' id='word_1_463' title='bbox 1342 3199 1467 3254; x_wconf 89' lang='lat' dir='ltr'><strong>veritatis</strong></span> <span class='ocrx_word' id='word_1_464' title='bbox 1483 3198 1607 3255; x_wconf 89' lang='lat' dir='ltr'><strong>doctrina</strong></span> <span class='ocrx_word' id='word_1_465' title='bbox 1621 3208 1648 3255; x_wconf 90' lang='lat' dir='ltr'><strong>ct</strong></span> <span class='ocrx_word' id='word_1_466' title='bbox 1659 3198 1783 3269; x_wconf 79' lang='lat' dir='ltr'><strong>perlectae</strong></span> <span class='ocrx_word' id='word_1_467' title='bbox 1793 3200 1890 3255; x_wconf 89' lang='lat' dir='ltr'><strong>chari·</strong></span> 
     </span>
     <span class='ocr_line' id='line_1_34' title="bbox 245 3286 1893 3368; baseline -0.007 -11"><span class='ocrx_word' id='word_1_468' title='bbox 245 3297 363 3368; x_wconf 60' lang='lat' dir='ltr'><strong>udaque</strong></span> <span class='ocrx_word' id='word_1_469' title='bbox 374 3293 469 3366; x_wconf 62' lang='grc'><strong>(171111</strong></span> <span class='ocrx_word' id='word_1_470' title='bbox 485 3309 542 3357; x_wconf 68' lang='lat' dir='ltr'><strong>ut,</strong></span> <span class='ocrx_word' id='word_1_471' title='bbox 559 3292 623 3364; x_wconf 67' lang='lat' dir='ltr'><strong>Ui?</strong></span> <span class='ocrx_word' id='word_1_472' title='bbox 637 3289 691 3347; x_wconf 66' lang='lat' dir='ltr'><strong>Sed</strong></span> <span class='ocrx_word' id='word_1_473' title='bbox 705 3290 792 3362; x_wconf 69' lang='grc'><strong>1111811</strong></span> <span class='ocrx_word' id='word_1_474' title='bbox 812 3288 927 3344; x_wconf 73' lang='grc'><strong>[1011111111</strong></span> <span class='ocrx_word' id='word_1_475' title='bbox 939 3286 1045 3342; x_wconf 60' lang='lat' dir='ltr'><strong>diffiniit</strong></span> <span class='ocrx_word' id='word_1_476' title='bbox 1095 3294 1160 3348; x_wconf 87' lang='lat' dir='ltr'><strong>tatis</strong></span> <span class='ocrx_word' id='word_1_477' title='bbox 1173 3294 1285 3349; x_wconf 89' lang='lat' dir='ltr'><strong>seientia</strong></span> <span class='ocrx_word' id='word_1_478' title='bbox 1300 3302 1389 3349; x_wconf 82' lang='lat' dir='ltr'><strong>restra</strong></span> <span class='ocrx_word' id='word_1_479' title='bbox 1405 3292 1516 3362; x_wconf 91' lang='lat' dir='ltr'><strong>impleat</strong></span> <span class='ocrx_word' id='word_1_480' title='bbox 1527 3301 1654 3363; x_wconf 86' lang='lat' dir='ltr'><strong>pectora,</strong></span> <span class='ocrx_word' id='word_1_481' title='bbox 1678 3292 1808 3364; x_wconf 83' lang='lat' dir='ltr'><strong>magister</strong></span> <span class='ocrx_word' id='word_1_482' title='bbox 1829 3292 1893 3347; x_wconf 90' lang='lat' dir='ltr'><strong>dul·</strong></span> 
     </span>
     <span class='ocr_line' id='line_1_35' title="bbox 246 3375 1217 3465; baseline -0.021 -17"><span class='ocrx_word' id='word_1_483' title='bbox 246 3408 296 3465; x_wconf 84' lang='lat' dir='ltr'><strong>per</strong></span> <span class='ocrx_word' id='word_1_484' title='bbox 319 3389 484 3461; x_wconf 87' lang='lat' dir='ltr'><strong>Prophetam</strong></span> <span class='ocrx_word' id='word_1_485' title='bbox 498 3403 506 3439; x_wconf 77' lang='lat' dir='ltr'><strong>t</strong></span> <span class='ocrx_word' id='word_1_486' title='bbox 522 3385 601 3456; x_wconf 79' lang='lat' dir='ltr'><strong>Aperi</strong></span> <span class='ocrx_word' id='word_1_487' title='bbox 626 3400 655 3439; x_wconf 85' lang='lat' dir='ltr'><strong>os</strong></span> <span class='ocrx_word' id='word_1_488' title='bbox 670 3392 754 3446; x_wconf 79' lang='lat' dir='ltr'><strong>tatum,</strong></span> <span class='ocrx_word' id='word_1_489' title='bbox 782 3390 806 3435; x_wconf 88' lang='lat' dir='ltr'><strong>et</strong></span> <span class='ocrx_word' id='word_1_490' title='bbox 831 3396 877 3450; x_wconf 82' lang='lat' dir='ltr'><strong>ego</strong></span> <span class='ocrx_word' id='word_1_491' title='bbox 897 3375 1045 3447; x_wconf 77' lang='lat' dir='ltr'><strong>adimplebo</strong></span> <span class='ocrx_word' id='word_1_492' title='bbox 1097 3388 1217 3443; x_wconf 59' lang='lat' dir='ltr'><strong>pissime,</strong></span> 
     </span>
    </p>

    <p class='ocr_par' dir='ltr' id='par_1_3' title="bbox 247 3465 1627 3553">
     <span class='ocr_line' id='line_1_36' title="bbox 247 3465 1627 3553; baseline -0.012 -17"><span class='ocrx_word' id='word_1_493' title='bbox 247 3481 315 3536; x_wconf 82' lang='lat' dir='ltr'><strong>illud</strong></span> <span class='ocrx_word' id='word_1_494' title='bbox 335 3476 422 3552; x_wconf 83' lang='lat' dir='ltr'><strong>(Psoi.</strong></span> <span class='ocrx_word' id='word_1_495' title='bbox 434 3490 516 3540; x_wconf 79' lang='lat' dir='ltr'><strong>arra,</strong></span> <span class='ocrx_word' id='word_1_496' title='bbox 533 3473 588 3545; x_wconf 92' lang='grc'><strong>11).</strong></span> <span class='ocrx_word' id='word_1_497' title='bbox 608 3470 690 3543; x_wconf 77' lang='lat' dir='ltr'><strong>Aperi</strong></span> <span class='ocrx_word' id='word_1_498' title='bbox 704 3469 872 3527; x_wconf 82' lang='lat' dir='ltr'><strong>confidenter</strong></span> <span class='ocrx_word' id='word_1_499' title='bbox 883 3482 915 3523; x_wconf 91' lang='lat' dir='ltr'><strong>os</strong></span> <span class='ocrx_word' id='word_1_500' title='bbox 930 3474 1006 3521; x_wconf 89' lang='lat' dir='ltr'><strong>tuum</strong></span> <span class='ocrx_word' id='word_1_501' title='bbox 1018 3465 1047 3520; x_wconf 95' lang='lat' dir='ltr'><strong>in</strong></span> <span class='ocrx_word' id='word_1_502' title='bbox 1359 3479 1441 3553; x_wconf 53' lang='grc' dir='ltr'><strong>ω,</strong></span> <span class='ocrx_word' id='word_1_503' title='bbox 1459 3478 1627 3536; x_wconf 68' lang='lat' dir='ltr'><strong>qusquq</strong></span> 
     </span>
    </p>

    <p class='ocr_par' dir='ltr' id='par_1_4' title="bbox 246 3556 1895 4095">
     <span class='ocr_line' id='line_1_37' title="bbox 247 3556 1824 3636; baseline -0.006 -4"><span class='ocrx_word' id='word_1_504' title='bbox 247 3569 483 3632; x_wconf 58' lang='lat' dir='ltr'><strong>uanissimam,</strong></span> <span class='ocrx_word' id='word_1_505' title='bbox 512 3564 615 3636; x_wconf 70' lang='grc'><strong>511111111</strong></span> <span class='ocrx_word' id='word_1_506' title='bbox 653 3569 748 3618; x_wconf 65' lang='grc'><strong>5111110</strong></span> <span class='ocrx_word' id='word_1_507' title='bbox 775 3560 945 3630; x_wconf 57' lang='grc'><strong>1113111111111</strong></span> <span class='ocrx_word' id='word_1_508' title='bbox 972 3556 1047 3613; x_wconf 65' lang='grc'><strong>110111</strong></span> <span class='ocrx_word' id='word_1_509' title='bbox 1164 3586 1253 3627; x_wconf 84' lang='lat' dir='ltr'><strong>rnnrru</strong></span> <span class='ocrx_word' id='word_1_510' title='bbox 1273 3587 1399 3627; x_wconf 77' lang='lat' dir='ltr'><strong>unorsrnr</strong></span> <span class='ocrx_word' id='word_1_511' title='bbox 1418 3587 1453 3626; x_wconf 82' lang='lat' dir='ltr'><strong>an</strong></span> <span class='ocrx_word' id='word_1_512' title='bbox 1471 3586 1566 3628; x_wconf 77' lang='lat' dir='ltr'><strong>ursana</strong></span> <span class='ocrx_word' id='word_1_513' title='bbox 1585 3586 1621 3625; x_wconf 87' lang='lat' dir='ltr'><strong>er</strong></span> <span class='ocrx_word' id='word_1_514' title='bbox 1640 3581 1824 3625; x_wconf 79' lang='lat' dir='ltr'><strong>nrcurnuoaa.</strong></span> 
     </span>
     <span class='ocr_line' id='line_1_38' title="bbox 246 3649 1894 3732; baseline -0.003 -13"><span class='ocrx_word' id='word_1_515' title='bbox 246 3660 360 3718; x_wconf 75' lang='lat' dir='ltr'><strong>ioannis</strong></span> <span class='ocrx_word' id='word_1_516' title='bbox 380 3660 554 3732; x_wconf 60' lang='lat' dir='ltr'><strong>evangeliste</strong></span> <span class='ocrx_word' id='word_1_517' title='bbox 571 3656 792 3728; x_wconf 58' lang='lat' dir='ltr'><strong>expositionem,</strong></span> <span class='ocrx_word' id='word_1_518' title='bbox 822 3663 851 3708; x_wconf 71' lang='lat'><strong>01</strong></span> <span class='ocrx_word' id='word_1_519' title='bbox 877 3649 1048 3707; x_wconf 62' lang='grc' dir='ltr'><strong>1111111ώί111</strong></span> <span class='ocrx_word' id='word_1_520' title='bbox 1133 3660 1314 3717; x_wconf 82' lang='lat' dir='ltr'><strong>Nobilissimis</strong></span> <span class='ocrx_word' id='word_1_521' title='bbox 1336 3662 1363 3716; x_wconf 88' lang='lat' dir='ltr'><strong>in</strong></span> <span class='ocrx_word' id='word_1_522' title='bbox 1378 3661 1540 3719; x_wconf 77' lang='lat' dir='ltr'><strong>Christianae</strong></span> <span class='ocrx_word' id='word_1_523' title='bbox 1554 3662 1693 3732; x_wconf 79' lang='lat' dir='ltr'><strong>religionis</strong></span> <span class='ocrx_word' id='word_1_524' title='bbox 1708 3660 1894 3717; x_wconf 85' lang='lat' dir='ltr'><strong>sanctitateet</strong></span> 
     </span>
     <span class='ocr_line' id='line_1_39' title="bbox 248 3739 1895 3823; baseline -0.007 -6"><span class='ocrx_word' id='word_1_525' title='bbox 248 3757 406 3807; x_wconf 69' lang='lat' dir='ltr'><strong>⁸²⁰0me</strong></span> <span class='ocrx_word' id='word_1_526' title='bbox 417 3749 528 3802; x_wconf 51' lang='lat' dir='ltr'><strong>Pafum</strong></span> <span class='ocrx_word' id='word_1_527' title='bbox 540 3749 630 3817; x_wconf 68' lang='grc'><strong>111111111</strong></span> <span class='ocrx_word' id='word_1_528' title='bbox 645 3746 723 3803; x_wconf 59' lang='lat' dir='ltr'><strong>¹¹⁰¹)ss</strong></span> <span class='ocrx_word' id='word_1_529' title='bbox 745 3759 852 3801; x_wconf 71' lang='lat'><strong>⁵⁰⁰⁸¹¹⁸·</strong></span> <span class='ocrx_word' id='word_1_530' title='bbox 865 3741 968 3814; x_wconf 67' lang='lat' dir='ltr'>C⁰ffisse</span> <span class='ocrx_word' id='word_1_531' title='bbox 981 3739 1049 3795; x_wconf 75' lang='lat'>⁰³⁰¹·</span> <span class='ocrx_word' id='word_1_532' title='bbox 1098 3753 1127 3807; x_wconf 88' lang='lat' dir='ltr'><strong>in</strong></span> <span class='ocrx_word' id='word_1_533' title='bbox 1139 3752 1278 3823; x_wconf 81' lang='lat' dir='ltr'><strong>sapientiae</strong></span> <span class='ocrx_word' id='word_1_534' title='bbox 1292 3753 1390 3809; x_wconf 88' lang='lat' dir='ltr'><strong>studiis</strong></span> <span class='ocrx_word' id='word_1_535' title='bbox 1404 3754 1597 3820; x_wconf 82' lang='lat' dir='ltr'><strong>devotissimis,</strong></span> <span class='ocrx_word' id='word_1_536' title='bbox 1611 3755 1720 3823; x_wconf 77' lang='lat' dir='ltr'><strong>[leoque</strong></span> <span class='ocrx_word' id='word_1_537' title='bbox 1730 3752 1828 3808; x_wconf 86' lang='lat' dir='ltr'><strong>dicatis</strong></span> <span class='ocrx_word' id='word_1_538' title='bbox 1838 3751 1895 3806; x_wconf 86' lang='lat' dir='ltr'><strong>rir-</strong></span> 
     </span>
     <span class='ocr_line' id='line_1_40' title="bbox 248 3830 1892 3915; baseline -0.008 -7"><span class='ocrx_word' id='word_1_539' title='bbox 248 3850 342 3896; x_wconf 78' lang='lat' dir='ltr'><strong>torum</strong></span> <span class='ocrx_word' id='word_1_540' title='bbox 369 3837 532 3909; x_wconf 69' lang='lat' dir='ltr'><strong>mamarius</strong></span> <span class='ocrx_word' id='word_1_541' title='bbox 555 3837 583 3893; x_wconf 78' lang='lat' dir='ltr'><strong>iu</strong></span> <span class='ocrx_word' id='word_1_542' title='bbox 607 3836 738 3907; x_wconf 71' lang='lat' dir='ltr'><strong>spiritalis</strong></span> <span class='ocrx_word' id='word_1_543' title='bbox 760 3833 882 3891; x_wconf 65' lang='lat' dir='ltr'><strong>aarum</strong></span> <span class='ocrx_word' id='word_1_544' title='bbox 904 3830 1005 3896; x_wconf 77' lang='lat' dir='ltr'><strong>curru,</strong></span> <span class='ocrx_word' id='word_1_545' title='bbox 1020 3837 1049 3886; x_wconf 77' lang='lat' dir='ltr'><strong>et</strong></span> <span class='ocrx_word' id='word_1_546' title='bbox 1099 3843 1217 3915; x_wconf 75' lang='lat' dir='ltr'><strong>gruibus,</strong></span> <span class='ocrx_word' id='word_1_547' title='bbox 1232 3843 1314 3901; x_wconf 74' lang='lat' dir='ltr'><strong>ursa</strong></span> <span class='ocrx_word' id='word_1_548' title='bbox 1329 3844 1469 3909; x_wconf 62' lang='lat' dir='ltr'><strong>somate</strong></span> <span class='ocrx_word' id='word_1_549' title='bbox 1483 3844 1640 3900; x_wconf 68' lang='lat' dir='ltr'><strong>nacturum</strong></span> <span class='ocrx_word' id='word_1_550' title='bbox 1654 3841 1892 3914; x_wconf 62' lang='lat' dir='ltr'><strong>nrraeqrmmae</strong></span> 
     </span>
     <span class='ocr_line' id='line_1_41' title="bbox 249 3923 1895 4007; baseline -0.003 -13"><span class='ocrx_word' id='word_1_551' title='bbox 249 3948 374 4007; x_wconf 69' lang='lat' dir='ltr'><strong>postest</strong></span> <span class='ocrx_word' id='word_1_552' title='bbox 386 3929 686 4002; x_wconf 57' lang='grc'><strong>10111111110111111»</strong></span> <span class='ocrx_word' id='word_1_553' title='bbox 698 3924 934 3997; x_wconf 61' lang='grc'><strong>11011101111111111</strong></span> <span class='ocrx_word' id='word_1_554' title='bbox 952 3923 1048 3980; x_wconf 88' lang='lat' dir='ltr'><strong>dimit·</strong></span> <span class='ocrx_word' id='word_1_555' title='bbox 1100 3941 1127 3989; x_wconf 92' lang='lat' dir='ltr'><strong>et</strong></span> <span class='ocrx_word' id='word_1_556' title='bbox 1141 3934 1299 3990; x_wconf 79' lang='lat' dir='ltr'><strong>Ricbtrudae</strong></span> <span class='ocrx_word' id='word_1_557' title='bbox 1313 3932 1442 4006; x_wconf 86' lang='lat' dir='ltr'><strong>liliabus],</strong></span> <span class='ocrx_word' id='word_1_558' title='bbox 1458 3935 1568 3991; x_wconf 89' lang='lat' dir='ltr'><strong>humilis</strong></span> <span class='ocrx_word' id='word_1_559' title='bbox 1578 3933 1663 3990; x_wconf 86' lang='lat' dir='ltr'><strong>irater</strong></span> <span class='ocrx_word' id='word_1_560' title='bbox 1679 3944 1708 3989; x_wconf 93' lang='lat' dir='ltr'><strong>et</strong></span> <span class='ocrx_word' id='word_1_561' title='bbox 1722 3942 1799 4004; x_wconf 88' lang='lat' dir='ltr'><strong>pater</strong></span> <span class='ocrx_word' id='word_1_562' title='bbox 1817 3931 1895 3989; x_wconf 74' lang='lat' dir='ltr'><strong>Albi·</strong></span> 
     </span>
     <span class='ocr_line' id='line_1_42' title="bbox 250 4012 1674 4095; baseline -0.009 -14"><span class='ocrx_word' id='word_1_563' title='bbox 250 4032 323 4090; x_wconf 89' lang='lat' dir='ltr'><strong>tere,</strong></span> <span class='ocrx_word' id='word_1_564' title='bbox 338 4038 374 4080; x_wconf 92' lang='lat' dir='ltr'><strong>ne</strong></span> <span class='ocrx_word' id='word_1_565' title='bbox 387 4021 545 4080; x_wconf 79' lang='lat' dir='ltr'><strong>deficiamus</strong></span> <span class='ocrx_word' id='word_1_566' title='bbox 564 4020 663 4076; x_wconf 86' lang='lat' dir='ltr'><strong>iuria.</strong></span> <span class='ocrx_word' id='word_1_567' title='bbox 685 4018 822 4074; x_wconf 83' lang='lat' dir='ltr'><strong>Habemus</strong></span> <span class='ocrx_word' id='word_1_568' title='bbox 844 4015 978 4085; x_wconf 92' lang='lat' dir='ltr'><strong>siquidem</strong></span> <span class='ocrx_word' id='word_1_569' title='bbox 993 4012 1049 4068; x_wconf 89' lang='lat' dir='ltr'><strong>cla·</strong></span> <span class='ocrx_word' id='word_1_570' title='bbox 1099 4041 1161 4090; x_wconf 68' lang='lat' dir='ltr'><strong>nus,</strong></span> <span class='ocrx_word' id='word_1_571' title='bbox 1175 4032 1312 4095; x_wconf 82' lang='lat' dir='ltr'><strong>perpetua</strong></span> <span class='ocrx_word' id='word_1_572' title='bbox 1320 4026 1497 4082; x_wconf 61' lang='lat' dir='ltr'><strong>pfflqquqqnis</strong></span> <span class='ocrx_word' id='word_1_573' title='bbox 1508 4025 1632 4082; x_wconf 60' lang='lat' dir='ltr'><strong>saturem,</strong></span> <span class='ocrx_word' id='word_1_574' title='bbox 1672 4071 1674 4076; x_wconf 68' lang='grc'>,</span> 
     </span>
    </p>

    <p class='ocr_par' dir='ltr' id='par_1_5' title="bbox 249 4103 1903 5549">
     <span class='ocr_line' id='line_1_43' title="bbox 249 4103 1894 4187; baseline -0.002 -16"><span class='ocrx_word' id='word_1_575' title='bbox 249 4116 349 4171; x_wconf 89' lang='lat' dir='ltr'><strong>rissiml</strong></span> <span class='ocrx_word' id='word_1_576' title='bbox 362 4112 631 4183; x_wconf 80' lang='lat' dir='ltr'><strong>doctorishugustini</strong></span> <span class='ocrx_word' id='word_1_577' title='bbox 645 4109 819 4166; x_wconf 87' lang='lat' dir='ltr'><strong>homeliatico</strong></span> <span class='ocrx_word' id='word_1_578' title='bbox 827 4103 1047 4179; x_wconf 50' lang='lat' dir='ltr'><strong>[Al-‚othelm</strong></span> <span class='ocrx_word' id='word_1_579' title='bbox 1135 4115 1272 4183; x_wconf 83' lang='lat' dir='ltr'><strong>Quantum</strong></span> <span class='ocrx_word' id='word_1_580' title='bbox 1284 4116 1312 4171; x_wconf 90' lang='lat' dir='ltr'><strong>in</strong></span> <span class='ocrx_word' id='word_1_581' title='bbox 1326 4117 1499 4172; x_wconf 89' lang='lat' dir='ltr'><strong>sanctissimo</strong></span> <span class='ocrx_word' id='word_1_582' title='bbox 1512 4116 1651 4187; x_wconf 77' lang='lat' dir='ltr'><strong>sapientia</strong></span> <span class='ocrx_word' id='word_1_583' title='bbox 1663 4115 1753 4171; x_wconf 89' lang='lat' dir='ltr'><strong>studio</strong></span> <span class='ocrx_word' id='word_1_584' title='bbox 1763 4114 1894 4186; x_wconf 79' lang='lat' dir='ltr'><strong>optimam</strong></span> 
     </span>
     <span class='ocr_line' id='line_1_44' title="bbox 251 4196 1896 4278; baseline -0.003 -13"><span class='ocrx_word' id='word_1_585' title='bbox 251 4223 378 4266; x_wconf 90' lang='lat' dir='ltr'><strong>sermone</strong></span> <span class='ocrx_word' id='word_1_586' title='bbox 388 4205 594 4277; x_wconf 83' lang='lat' dir='ltr'><strong>explanationes</strong></span> <span class='ocrx_word' id='word_1_587' title='bbox 604 4203 633 4257; x_wconf 92' lang='lat' dir='ltr'><strong>in</strong></span> <span class='ocrx_word' id='word_1_588' title='bbox 642 4200 767 4257; x_wconf 88' lang='lat' dir='ltr'><strong>eumdcm</strong></span> <span class='ocrx_word' id='word_1_589' title='bbox 782 4197 986 4270; x_wconf 76' lang='lat' dir='ltr'><strong>evangelistam,</strong></span> <span class='ocrx_word' id='word_1_590' title='bbox 1000 4196 1049 4253; x_wconf 91' lang='lat' dir='ltr'><strong>sed</strong></span> <span class='ocrx_word' id='word_1_591' title='bbox 1100 4209 1128 4264; x_wconf 71' lang='lat' dir='ltr'><strong>qn</strong></span> <span class='ocrx_word' id='word_1_592' title='bbox 1143 4208 1220 4263; x_wconf 72' lang='lat' dir='ltr'><strong>vobis</strong></span> <span class='ocrx_word' id='word_1_593' title='bbox 1231 4206 1310 4263; x_wconf 71' lang='lat' dir='ltr'><strong>laudo</strong></span> <span class='ocrx_word' id='word_1_594' title='bbox 1324 4206 1505 4272; x_wconf 72' lang='lat' dir='ltr'><strong>devotionem,</strong></span> <span class='ocrx_word' id='word_1_595' title='bbox 1520 4215 1624 4262; x_wconf 74' lang='lat' dir='ltr'><strong>rantum</strong></span> <span class='ocrx_word' id='word_1_596' title='bbox 1632 4222 1719 4262; x_wconf 78' lang='lat' dir='ltr'><strong>meana</strong></span> <span class='ocrx_word' id='word_1_597' title='bbox 1738 4204 1815 4278; x_wconf 59' lang='lat' dir='ltr'><strong>[tim</strong></span> <span class='ocrx_word' id='word_1_598' title='bbox 1827 4199 1896 4278; x_wconf 83' lang='lat' dir='ltr'><strong>mei]</strong></span> 
     </span>
     <span class='ocr_line' id='line_1_45' title="bbox 251 4288 1897 4372; baseline -0.012 -16"><span class='ocrx_word' id='word_1_599' title='bbox 251 4298 415 4372; x_wconf 88' lang='lat' dir='ltr'><strong>quibusdam</strong></span> <span class='ocrx_word' id='word_1_600' title='bbox 442 4297 470 4352; x_wconf 92' lang='lat' dir='ltr'><strong>in</strong></span> <span class='ocrx_word' id='word_1_601' title='bbox 489 4293 556 4350; x_wconf 89' lang='lat' dir='ltr'><strong>loeis</strong></span> <span class='ocrx_word' id='word_1_602' title='bbox 582 4292 667 4349; x_wconf 90' lang='lat' dir='ltr'><strong>multo</strong></span> <span class='ocrx_word' id='word_1_603' title='bbox 689 4291 876 4354; x_wconf 85' lang='lat' dir='ltr'><strong>obscuriores,</strong></span> <span class='ocrx_word' id='word_1_604' title='bbox 899 4288 1050 4359; x_wconf 85' lang='lat' dir='ltr'><strong>majorique</strong></span> <span class='ocrx_word' id='word_1_605' title='bbox 1100 4299 1186 4369; x_wconf 64' lang='lat' dir='ltr'><strong>ipsius</strong></span> <span class='ocrx_word' id='word_1_606' title='bbox 1207 4298 1305 4368; x_wconf 69' lang='lat' dir='ltr'><strong>plango</strong></span> <span class='ocrx_word' id='word_1_607' title='bbox 1325 4297 1507 4367; x_wconf 53' lang='lat' dir='ltr'><strong>impertitam</strong></span> <span class='ocrx_word' id='word_1_608' title='bbox 1527 4312 1625 4368; x_wconf 58' lang='lat' dir='ltr'><strong>meque</strong></span> <span class='ocrx_word' id='word_1_609' title='bbox 1647 4296 1735 4366; x_wconf 65' lang='lat' dir='ltr'><strong>ipsum</strong></span> <span class='ocrx_word' id='word_1_610' title='bbox 1750 4294 1827 4365; x_wconf 57' lang='lat' dir='ltr'><strong>longe</strong></span> <span class='ocrx_word' id='word_1_611' title='bbox 1841 4294 1897 4347; x_wconf 69' lang='lat' dir='ltr'><strong>im.</strong></span> 
     </span>
     <span class='ocr_line' id='line_1_46' title="bbox 249 4378 1896 4460; baseline -0.007 -14"><span class='ocrx_word' id='word_1_612' title='bbox 249 4386 489 4446; x_wconf 71' lang='lat' dir='ltr'><strong>urcrvmloeutione</strong></span> <span class='ocrx_word' id='word_1_613' title='bbox 504 4384 656 4449; x_wconf 79' lang='lat' dir='ltr'><strong>deeorams,</strong></span> <span class='ocrx_word' id='word_1_614' title='bbox 685 4397 767 4453; x_wconf 88' lang='lat' dir='ltr'><strong>quarn</strong></span> <span class='ocrx_word' id='word_1_615' title='bbox 792 4387 894 4436; x_wconf 84' lang='lat' dir='ltr'><strong>nostrae</strong></span> <span class='ocrx_word' id='word_1_616' title='bbox 906 4378 1051 4450; x_wconf 70' lang='lat' dir='ltr'><strong>parvitatis</strong></span> <span class='ocrx_word' id='word_1_617' title='bbox 1101 4403 1193 4460; x_wconf 68' lang='lat' dir='ltr'><strong>parem</strong></span> <span class='ocrx_word' id='word_1_618' title='bbox 1216 4393 1315 4443; x_wconf 63' lang='lat' dir='ltr'><strong>vmtrae</strong></span> <span class='ocrx_word' id='word_1_619' title='bbox 1337 4386 1466 4442; x_wconf 72' lang='lat' dir='ltr'><strong>laudabili</strong></span> <span class='ocrx_word' id='word_1_620' title='bbox 1493 4386 1630 4443; x_wconf 71' lang='lat' dir='ltr'><strong>devotioni</strong></span> <span class='ocrx_word' id='word_1_621' title='bbox 1656 4398 1783 4457; x_wconf 72' lang='lat' dir='ltr'><strong>agnusue.</strong></span> <span class='ocrx_word' id='word_1_622' title='bbox 1806 4382 1896 4452; x_wconf 76' lang='lat' dir='ltr'><strong>Atque</strong></span> 
     </span>
     <span class='ocr_line' id='line_1_47' title="bbox 250 4451 1896 4554; baseline -0.007 -16"><span class='ocrx_word' id='word_1_623' title='bbox 250 4480 416 4554; x_wconf 74' lang='lat' dir='ltr'><strong>ingeniolum</strong></span> <span class='ocrx_word' id='word_1_624' title='bbox 427 4479 532 4533; x_wconf 86' lang='lat' dir='ltr'><strong>intrare</strong></span> <span class='ocrx_word' id='word_1_625' title='bbox 539 4476 638 4532; x_wconf 81' lang='lat' dir='ltr'><strong>valeat.</strong></span> <span class='ocrx_word' id='word_1_626' title='bbox 651 4473 756 4531; x_wconf 84' lang='lat' dir='ltr'><strong>Sufficit</strong></span> <span class='ocrx_word' id='word_1_627' title='bbox 766 4473 844 4530; x_wconf 82' lang='lat' dir='ltr'><strong>nobis</strong></span> <span class='ocrx_word' id='word_1_628' title='bbox 853 4481 953 4529; x_wconf 69' lang='lat' dir='ltr'><strong>vestm</strong></span> <span class='ocrx_word' id='word_1_629' title='bbox 965 4471 1048 4527; x_wconf 80' lang='lat' dir='ltr'><strong>dett)-</strong></span> <span class='ocrx_word' id='word_1_630' title='bbox 1059 4451 1086 4512; x_wconf 77' lang='grc' dir='ltr'><strong>Ῐ)</strong></span> <span class='ocrx_word' id='word_1_631' title='bbox 1098 4479 1203 4535; x_wconf 77' lang='lat' dir='ltr'><strong>utinam</strong></span> <span class='ocrx_word' id='word_1_632' title='bbox 1216 4485 1292 4534; x_wconf 66' lang='lat' dir='ltr'><strong>muta</strong></span> <span class='ocrx_word' id='word_1_633' title='bbox 1302 4486 1375 4535; x_wconf 76' lang='lat' dir='ltr'><strong>esset</strong></span> <span class='ocrx_word' id='word_1_634' title='bbox 1387 4478 1414 4533; x_wconf 86' lang='lat' dir='ltr'><strong>in</strong></span> <span class='ocrx_word' id='word_1_635' title='bbox 1426 4493 1488 4534; x_wconf 82' lang='lat' dir='ltr'><strong>meo</strong></span> <span class='ocrx_word' id='word_1_636' title='bbox 1500 4484 1611 4548; x_wconf 78' lang='lat' dir='ltr'><strong>pectore</strong></span> <span class='ocrx_word' id='word_1_637' title='bbox 1622 4475 1738 4533; x_wconf 80' lang='lat' dir='ltr'><strong>facultas</strong></span> <span class='ocrx_word' id='word_1_638' title='bbox 1748 4471 1896 4537; x_wconf 54' lang='lat' dir='ltr'><strong>oembendb</strong></span> 
     </span>
     <span class='ocr_line' id='line_1_48' title="bbox 251 4560 1897 4643; baseline -0.007 -15"><span class='ocrx_word' id='word_1_639' title='bbox 251 4571 335 4628; x_wconf 90' lang='lat' dir='ltr'><strong>tionis</strong></span> <span class='ocrx_word' id='word_1_640' title='bbox 348 4569 416 4643; x_wconf 72' lang='lat' dir='ltr'><strong>idi,</strong></span> <span class='ocrx_word' id='word_1_641' title='bbox 428 4568 532 4634; x_wconf 65' lang='lat' dir='ltr'><strong>maius,</strong></span> <span class='ocrx_word' id='word_1_642' title='bbox 548 4565 647 4623; x_wconf 83' lang='lat' dir='ltr'><strong>subicit</strong></span> <span class='ocrx_word' id='word_1_643' title='bbox 658 4580 724 4622; x_wconf 90' lang='lat' dir='ltr'><strong>vero</strong></span> <span class='ocrx_word' id='word_1_644' title='bbox 737 4573 837 4622; x_wconf 81' lang='lat' dir='ltr'><strong>nostra</strong></span> <span class='ocrx_word' id='word_1_645' title='bbox 853 4561 1001 4636; x_wconf 87' lang='lat' dir='ltr'><strong>devotioni]</strong></span> <span class='ocrx_word' id='word_1_646' title='bbox 1012 4560 1047 4618; x_wconf 88' lang='lat' dir='ltr'><strong>de</strong></span> <span class='ocrx_word' id='word_1_647' title='bbox 1099 4577 1230 4640; x_wconf 87' lang='lat' dir='ltr'><strong>quantum</strong></span> <span class='ocrx_word' id='word_1_648' title='bbox 1240 4566 1319 4641; x_wconf 80' lang='lat' dir='ltr'><strong>[lla.</strong></span> <span class='ocrx_word' id='word_1_649' title='bbox 1331 4566 1445 4642; x_wconf 86' lang='lat' dir='ltr'><strong>quanta]</strong></span> <span class='ocrx_word' id='word_1_650' title='bbox 1459 4575 1502 4624; x_wconf 87' lang='lat' dir='ltr'><strong>est</strong></span> <span class='ocrx_word' id='word_1_651' title='bbox 1514 4569 1542 4623; x_wconf 92' lang='lat' dir='ltr'><strong>in</strong></span> <span class='ocrx_word' id='word_1_652' title='bbox 1558 4566 1766 4623; x_wconf 88' lang='lat' dir='ltr'><strong>vohisvoluntas</strong></span> <span class='ocrx_word' id='word_1_653' title='bbox 1777 4561 1897 4635; x_wconf 84' lang='lat' dir='ltr'><strong>legendi.</strong></span> 
     </span>
     <span class='ocr_line' id='line_1_49' title="bbox 252 4651 1899 4730; baseline -0.006 -14"><span class='ocrx_word' id='word_1_654' title='bbox 252 4659 348 4716; x_wconf 79' lang='lat' dir='ltr'><strong>rivulis</strong></span> <span class='ocrx_word' id='word_1_655' title='bbox 364 4658 528 4715; x_wconf 76' lang='lat' dir='ltr'><strong>dulcissima</strong></span> <span class='ocrx_word' id='word_1_656' title='bbox 546 4671 624 4726; x_wconf 78' lang='lat' dir='ltr'><strong>aquae</strong></span> <span class='ocrx_word' id='word_1_657' title='bbox 635 4664 745 4725; x_wconf 85' lang='lat' dir='ltr'><strong>potare.</strong></span> <span class='ocrx_word' id='word_1_658' title='bbox 759 4671 813 4711; x_wconf 92' lang='lat' dir='ltr'><strong>non</strong></span> <span class='ocrx_word' id='word_1_659' title='bbox 827 4652 1048 4725; x_wconf 77' lang='lat' dir='ltr'><strong>profundissimis</strong></span> <span class='ocrx_word' id='word_1_660' title='bbox 1099 4657 1215 4715; x_wconf 75' lang='lat' dir='ltr'><strong>Proinde</strong></span> <span class='ocrx_word' id='word_1_661' title='bbox 1234 4658 1339 4715; x_wconf 80' lang='lat' dir='ltr'><strong>duabus</strong></span> <span class='ocrx_word' id='word_1_662' title='bbox 1354 4665 1479 4715; x_wconf 79' lang='lat' dir='ltr'><strong>coarctor</strong></span> <span class='ocrx_word' id='word_1_663' title='bbox 1503 4657 1637 4730; x_wconf 87' lang='lat' dir='ltr'><strong>angustiis</strong></span> <span class='ocrx_word' id='word_1_664' title='bbox 1661 4677 1667 4710; x_wconf 80' lang='lat' dir='ltr'><em>z</em></span> <span class='ocrx_word' id='word_1_665' title='bbox 1692 4657 1757 4713; x_wconf 86' lang='lat' dir='ltr'><strong>hine</strong></span> <span class='ocrx_word' id='word_1_666' title='bbox 1769 4651 1899 4710; x_wconf 88' lang='lat' dir='ltr'><strong>charitati</strong></span> 
     </span>
     <span class='ocr_line' id='line_1_50' title="bbox 252 4742 1896 4825; baseline -0.005 -19"><span class='ocrx_word' id='word_1_667' title='bbox 252 4750 390 4825; x_wconf 85' lang='lat' dir='ltr'><strong>gurgitum</strong></span> <span class='ocrx_word' id='word_1_668' title='bbox 405 4747 562 4804; x_wconf 78' lang='lat' dir='ltr'><strong>huminibus</strong></span> <span class='ocrx_word' id='word_1_669' title='bbox 574 4755 684 4802; x_wconf 89' lang='lat' dir='ltr'><strong>nostras</strong></span> <span class='ocrx_word' id='word_1_670' title='bbox 694 4746 841 4802; x_wconf 87' lang='lat' dir='ltr'><strong>immittere</strong></span> <span class='ocrx_word' id='word_1_671' title='bbox 855 4745 972 4800; x_wconf 72' lang='lat' dir='ltr'><strong>murras.</strong></span> <span class='ocrx_word' id='word_1_672' title='bbox 986 4742 1048 4799; x_wconf 84' lang='lat' dir='ltr'><strong>Seis</strong></span> <span class='ocrx_word' id='word_1_673' title='bbox 1100 4748 1247 4821; x_wconf 81' lang='lat' dir='ltr'><strong>quidquam</strong></span> <span class='ocrx_word' id='word_1_674' title='bbox 1258 4764 1369 4820; x_wconf 85' lang='lat' dir='ltr'><strong>negare,</strong></span> <span class='ocrx_word' id='word_1_675' title='bbox 1382 4749 1426 4804; x_wconf 91' lang='lat' dir='ltr'><strong>cui</strong></span> <span class='ocrx_word' id='word_1_676' title='bbox 1441 4749 1533 4805; x_wconf 88' lang='lat' dir='ltr'><strong>omnia</strong></span> <span class='ocrx_word' id='word_1_677' title='bbox 1552 4756 1682 4819; x_wconf 82' lang='lat' dir='ltr'><strong>praestare</strong></span> <span class='ocrx_word' id='word_1_678' title='bbox 1693 4746 1800 4803; x_wconf 90' lang='lat' dir='ltr'><strong>debitor</strong></span> <span class='ocrx_word' id='word_1_679' title='bbox 1816 4757 1896 4807; x_wconf 68' lang='lat' dir='ltr'><strong>sum</strong></span> 
     </span>
     <span class='ocr_line' id='line_1_51' title="bbox 252 4834 1899 4913; baseline -0.005 -14"><span class='ocrx_word' id='word_1_680' title='bbox 252 4839 449 4912; x_wconf 84' lang='lat' dir='ltr'><strong>enlrnoptinte,</strong></span> <span class='ocrx_word' id='word_1_681' title='bbox 462 4839 647 4911; x_wconf 70' lang='lat' dir='ltr'><strong>partiebatur</strong></span> <span class='ocrx_word' id='word_1_682' title='bbox 661 4836 793 4901; x_wconf 75' lang='lat' dir='ltr'><strong>sufficere,</strong></span> <span class='ocrx_word' id='word_1_683' title='bbox 808 4850 859 4891; x_wconf 71' lang='lat' dir='ltr'><strong>uec</strong></span> <span class='ocrx_word' id='word_1_684' title='bbox 875 4835 910 4891; x_wconf 69' lang='lat' dir='ltr'><strong>ad</strong></span> <span class='ocrx_word' id='word_1_685' title='bbox 923 4849 1047 4891; x_wconf 61' lang='lat' dir='ltr'><strong>mensum</strong></span> <span class='ocrx_word' id='word_1_686' title='bbox 1101 4840 1177 4896; x_wconf 92' lang='lat' dir='ltr'><strong>illinc</strong></span> <span class='ocrx_word' id='word_1_687' title='bbox 1195 4840 1292 4896; x_wconf 91' lang='lat' dir='ltr'><strong>altiora</strong></span> <span class='ocrx_word' id='word_1_688' title='bbox 1313 4850 1416 4911; x_wconf 91' lang='lat' dir='ltr'><strong>petere,</strong></span> <span class='ocrx_word' id='word_1_689' title='bbox 1445 4841 1638 4913; x_wconf 87' lang='lat' dir='ltr'><strong>modulumque</strong></span> <span class='ocrx_word' id='word_1_690' title='bbox 1661 4855 1730 4896; x_wconf 83' lang='lat' dir='ltr'><strong>rneae</strong></span> <span class='ocrx_word' id='word_1_691' title='bbox 1755 4834 1899 4910; x_wconf 81' lang='lat' dir='ltr'><strong>parvitatis</strong></span> 
     </span>
     <span class='ocr_line' id='line_1_52' title="bbox 254 4923 1897 5005; baseline -0.002 -18"><span class='ocrx_word' id='word_1_692' title='bbox 254 4939 443 5005; x_wconf 83' lang='lat' dir='ltr'><strong>magnatorum</strong></span> <span class='ocrx_word' id='word_1_693' title='bbox 459 4942 606 4999; x_wconf 85' lang='lat' dir='ltr'><strong>pauperem</strong></span> <span class='ocrx_word' id='word_1_694' title='bbox 625 4927 732 4983; x_wconf 85' lang='lat' dir='ltr'><strong>turham</strong></span> <span class='ocrx_word' id='word_1_695' title='bbox 744 4925 875 4981; x_wconf 88' lang='lat' dir='ltr'><strong>accedere</strong></span> <span class='ocrx_word' id='word_1_696' title='bbox 887 4938 976 4994; x_wconf 87' lang='lat' dir='ltr'><strong>posse.</strong></span> <span class='ocrx_word' id='word_1_697' title='bbox 993 4923 1050 4981; x_wconf 88' lang='lat' dir='ltr'><strong>Nec</strong></span> <span class='ocrx_word' id='word_1_698' title='bbox 1100 4931 1304 4998; x_wconf 84' lang='lat' dir='ltr'><strong>transcendere,</strong></span> <span class='ocrx_word' id='word_1_699' title='bbox 1319 4932 1426 4988; x_wconf 87' lang='lat' dir='ltr'><strong>dicente</strong></span> <span class='ocrx_word' id='word_1_700' title='bbox 1439 4930 1580 5002; x_wconf 87' lang='lat' dir='ltr'><strong>Scriptura</strong></span> <span class='ocrx_word' id='word_1_701' title='bbox 1599 4950 1607 4987; x_wconf 77' lang='lat' dir='ltr'><strong>a</strong></span> <span class='ocrx_word' id='word_1_702' title='bbox 1622 4931 1725 4987; x_wconf 74' lang='lat' dir='ltr'><strong>ditiora</strong></span> <span class='ocrx_word' id='word_1_703' title='bbox 1736 4939 1761 4985; x_wconf 86' lang='lat' dir='ltr'><strong>te</strong></span> <span class='ocrx_word' id='word_1_704' title='bbox 1772 4945 1804 4985; x_wconf 84' lang='lat' dir='ltr'><strong>ne</strong></span> <span class='ocrx_word' id='word_1_705' title='bbox 1817 4944 1897 5001; x_wconf 77' lang='lat' dir='ltr'><strong>qae-</strong></span> 
     </span>
     <span class='ocr_line' id='line_1_53' title="bbox 254 5017 1900 5094; baseline -0.008 -9"><span class='ocrx_word' id='word_1_706' title='bbox 254 5034 376 5085; x_wconf 81' lang='lat' dir='ltr'><strong>mstruna</strong></span> <span class='ocrx_word' id='word_1_707' title='bbox 385 5031 438 5089; x_wconf 85' lang='lat' dir='ltr'><strong>est,</strong></span> <span class='ocrx_word' id='word_1_708' title='bbox 446 5021 577 5079; x_wconf 88' lang='lat' dir='ltr'><strong>altissima</strong></span> <span class='ocrx_word' id='word_1_709' title='bbox 587 5020 731 5077; x_wconf 89' lang='lat' dir='ltr'><strong>cedrorum</strong></span> <span class='ocrx_word' id='word_1_710' title='bbox 742 5017 1048 5084; x_wconf 87' lang='lat' dir='ltr'><strong>cacuminaascendere,</strong></span> <span class='ocrx_word' id='word_1_711' title='bbox 1100 5021 1175 5075; x_wconf 82' lang='lat' dir='ltr'><strong>aleris</strong></span> <span class='ocrx_word' id='word_1_712' title='bbox 1185 5018 1280 5094; x_wconf 79' lang='lat' dir='ltr'><strong>(Ereti.</strong></span> <span class='ocrx_word' id='word_1_713' title='bbox 1295 5037 1338 5086; x_wconf 86' lang='grc' dir='ltr'>ιιι,</span> <span class='ocrx_word' id='word_1_714' title='bbox 1350 5020 1407 5094; x_wconf 73' lang='grc'><strong>11).</strong></span> <span class='ocrx_word' id='word_1_715' title='bbox 1420 5021 1477 5077; x_wconf 90' lang='lat' dir='ltr'><strong>Nisi</strong></span> <span class='ocrx_word' id='word_1_716' title='bbox 1486 5020 1558 5078; x_wconf 83' lang='lat' dir='ltr'><strong>torte</strong></span> <span class='ocrx_word' id='word_1_717' title='bbox 1569 5019 1680 5078; x_wconf 86' lang='lat' dir='ltr'><strong>invobis</strong></span> <span class='ocrx_word' id='word_1_718' title='bbox 1689 5020 1820 5092; x_wconf 87' lang='lat' dir='ltr'><strong>siteulpa,</strong></span> <span class='ocrx_word' id='word_1_719' title='bbox 1832 5017 1900 5089; x_wconf 89' lang='lat' dir='ltr'><strong>quia</strong></span> 
     </span>
     <span class='ocr_line' id='line_1_54' title="bbox 255 5110 1899 5186; baseline -0.004 -14"><span class='ocrx_word' id='word_1_720' title='bbox 255 5116 303 5172; x_wconf 82' lang='lat' dir='ltr'><strong>aed</strong></span> <span class='ocrx_word' id='word_1_721' title='bbox 315 5130 378 5172; x_wconf 86' lang='lat' dir='ltr'><strong>erm</strong></span> <span class='ocrx_word' id='word_1_722' title='bbox 390 5113 515 5179; x_wconf 69' lang='lat' dir='ltr'><strong>haheo,</strong></span> <span class='ocrx_word' id='word_1_723' title='bbox 540 5126 590 5183; x_wconf 87' lang='lat' dir='ltr'><strong>pro</strong></span> <span class='ocrx_word' id='word_1_724' title='bbox 605 5110 739 5167; x_wconf 76' lang='lat' dir='ltr'><strong>brevitate</strong></span> <span class='ocrx_word' id='word_1_725' title='bbox 760 5117 872 5168; x_wconf 71' lang='lat' dir='ltr'><strong>staturae</strong></span> <span class='ocrx_word' id='word_1_726' title='bbox 895 5118 1005 5175; x_wconf 75' lang='lat' dir='ltr'><strong>nostra,</strong></span> <span class='ocrx_word' id='word_1_727' title='bbox 1021 5110 1050 5166; x_wconf 90' lang='lat' dir='ltr'><strong>in</strong></span> <span class='ocrx_word' id='word_1_728' title='bbox 1101 5111 1219 5169; x_wconf 81' lang='lat' dir='ltr'><strong>difficilia</strong></span> <span class='ocrx_word' id='word_1_729' title='bbox 1233 5114 1351 5184; x_wconf 84' lang='lat' dir='ltr'><strong>petistis,</strong></span> <span class='ocrx_word' id='word_1_730' title='bbox 1367 5122 1395 5169; x_wconf 91' lang='lat' dir='ltr'><strong>et</strong></span> <span class='ocrx_word' id='word_1_731' title='bbox 1411 5113 1438 5168; x_wconf 93' lang='lat' dir='ltr'><strong>in</strong></span> <span class='ocrx_word' id='word_1_732' title='bbox 1460 5130 1504 5170; x_wconf 90' lang='lat' dir='ltr'><strong>me</strong></span> <span class='ocrx_word' id='word_1_733' title='bbox 1516 5113 1588 5170; x_wconf 86' lang='lat' dir='ltr'><strong>ratio</strong></span> <span class='ocrx_word' id='word_1_734' title='bbox 1609 5114 1690 5186; x_wconf 77' lang='lat' dir='ltr'><strong>justa</strong></span> <span class='ocrx_word' id='word_1_735' title='bbox 1701 5111 1899 5176; x_wconf 83' lang='lat' dir='ltr'><strong>excusationis,</strong></span> 
     </span>
     <span class='ocr_line' id='line_1_55' title="bbox 255 5198 1903 5280; baseline -0.002 -19"><span class='ocrx_word' id='word_1_736' title='bbox 255 5212 487 5280; x_wconf 76' lang='lat' dir='ltr'><strong>sycomorostare,</strong></span> <span class='ocrx_word' id='word_1_737' title='bbox 499 5201 647 5274; x_wconf 80' lang='lat' dir='ltr'><strong>letumque</strong></span> <span class='ocrx_word' id='word_1_738' title='bbox 656 5215 768 5259; x_wconf 88' lang='lat' dir='ltr'><strong>eernere</strong></span> <span class='ocrx_word' id='word_1_739' title='bbox 778 5209 963 5257; x_wconf 84' lang='lat' dir='ltr'><strong>transeuntem</strong></span> <span class='ocrx_word' id='word_1_740' title='bbox 972 5198 1049 5274; x_wconf 80' lang='lat' dir='ltr'><strong>(huc.</strong></span> <span class='ocrx_word' id='word_1_741' title='bbox 1101 5203 1148 5275; x_wconf 86' lang='lat' dir='ltr'><strong>qai</strong></span> <span class='ocrx_word' id='word_1_742' title='bbox 1164 5203 1337 5260; x_wconf 77' lang='lat' dir='ltr'><strong>infirmitates</strong></span> <span class='ocrx_word' id='word_1_743' title='bbox 1349 5219 1424 5260; x_wconf 87' lang='lat' dir='ltr'><strong>nreas</strong></span> <span class='ocrx_word' id='word_1_744' title='bbox 1437 5204 1627 5269; x_wconf 86' lang='lat' dir='ltr'><strong>considerans,</strong></span> <span class='ocrx_word' id='word_1_745' title='bbox 1652 5202 1815 5259; x_wconf 86' lang='lat' dir='ltr'><strong>altissimum</strong></span> <span class='ocrx_word' id='word_1_746' title='bbox 1836 5215 1903 5258; x_wconf 83' lang='lat' dir='ltr'><strong>tneo</strong></span> 
     </span>
     <span class='ocr_line' id='line_1_56' title="bbox 254 5290 1903 5368; baseline -0.003 -17"><span class='ocrx_word' id='word_1_747' title='bbox 254 5310 313 5360; x_wconf 81' lang='grc' dir='ltr'>ιιι,</span> <span class='ocrx_word' id='word_1_748' title='bbox 328 5294 367 5368; x_wconf 82' lang='grc'><strong>1),</strong></span> <span class='ocrx_word' id='word_1_749' title='bbox 385 5294 574 5365; x_wconf 85' lang='lat' dir='ltr'><strong>continuisque</strong></span> <span class='ocrx_word' id='word_1_750' title='bbox 587 5290 864 5363; x_wconf 86' lang='lat' dir='ltr'><strong>deplorarepreeihus</strong></span> <span class='ocrx_word' id='word_1_751' title='bbox 877 5300 908 5346; x_wconf 90' lang='lat' dir='ltr'><strong>ut</strong></span> <span class='ocrx_word' id='word_1_752' title='bbox 926 5306 977 5348; x_wconf 91' lang='lat' dir='ltr'><strong>uos</strong></span> <span class='ocrx_word' id='word_1_753' title='bbox 991 5291 1050 5346; x_wconf 89' lang='lat' dir='ltr'><strong>suis</strong></span> <span class='ocrx_word' id='word_1_754' title='bbox 1104 5292 1182 5365; x_wconf 57' lang='lat' dir='ltr'><strong>[iim</strong></span> <span class='ocrx_word' id='word_1_755' title='bbox 1208 5294 1342 5349; x_wconf 88' lang='lat' dir='ltr'><strong>altissimo</strong></span> <span class='ocrx_word' id='word_1_756' title='bbox 1367 5292 1474 5368; x_wconf 87' lang='lat' dir='ltr'><strong>meum]</strong></span> <span class='ocrx_word' id='word_1_757' title='bbox 1497 5309 1579 5365; x_wconf 88' lang='lat' dir='ltr'><strong>opere</strong></span> <span class='ocrx_word' id='word_1_758' title='bbox 1601 5292 1737 5350; x_wconf 87' lang='lat' dir='ltr'><strong>calamum</strong></span> <span class='ocrx_word' id='word_1_759' title='bbox 1762 5291 1903 5348; x_wconf 82' lang='lat' dir='ltr'><strong>abstinere</strong></span> 
     </span>
     <span class='ocr_line' id='line_1_57' title="bbox 256 5383 1901 5457; baseline 0.004 -19"><span class='ocrx_word' id='word_1_760' title='bbox 256 5383 351 5456; x_wconf 78' lang='lat' dir='ltr'><strong>digram</strong></span> <span class='ocrx_word' id='word_1_761' title='bbox 363 5383 462 5441; x_wconf 74' lang='lat' dir='ltr'><strong>eiiciat</strong></span> <span class='ocrx_word' id='word_1_762' title='bbox 485 5384 635 5451; x_wconf 87' lang='lat' dir='ltr'><strong>oonriviis,</strong></span> <span class='ocrx_word' id='word_1_763' title='bbox 653 5383 849 5454; x_wconf 89' lang='lat' dir='ltr'><strong>vobiscumque</strong></span> <span class='ocrx_word' id='word_1_764' title='bbox 863 5383 1049 5441; x_wconf 86' lang='lat' dir='ltr'><strong>dulcissimum</strong></span> <span class='ocrx_word' id='word_1_765' title='bbox 1103 5386 1221 5441; x_wconf 83' lang='lat' dir='ltr'><strong>decrevi.</strong></span> <span class='ocrx_word' id='word_1_766' title='bbox 1234 5383 1311 5440; x_wconf 88' lang='lat' dir='ltr'><strong>Scire</strong></span> <span class='ocrx_word' id='word_1_767' title='bbox 1318 5386 1423 5443; x_wconf 86' lang='lat' dir='ltr'><strong>dehetis</strong></span> <span class='ocrx_word' id='word_1_768' title='bbox 1435 5386 1562 5444; x_wconf 89' lang='lat' dir='ltr'><strong>omnibus</strong></span> <span class='ocrx_word' id='word_1_769' title='bbox 1574 5386 1673 5442; x_wconf 78' lang='lat' dir='ltr'><strong>divina</strong></span> <span class='ocrx_word' id='word_1_770' title='bbox 1688 5385 1838 5457; x_wconf 79' lang='lat' dir='ltr'><strong>scriptura</strong></span> <span class='ocrx_word' id='word_1_771' title='bbox 1847 5397 1901 5453; x_wconf 71' lang='lat' dir='ltr'><strong>ua·</strong></span> 
     </span>
     <span class='ocr_line' id='line_1_58' title="bbox 256 5473 1901 5549; baseline -0.003 -20"><span class='ocrx_word' id='word_1_772' title='bbox 256 5475 422 5544; x_wconf 84' lang='lat' dir='ltr'><strong>epithalamii</strong></span> <span class='ocrx_word' id='word_1_773' title='bbox 449 5478 606 5549; x_wconf 88' lang='lat' dir='ltr'><strong>paradigma</strong></span> <span class='ocrx_word' id='word_1_774' title='bbox 624 5478 800 5534; x_wconf 87' lang='lat' dir='ltr'><strong>decantare:</strong></span> <span class='ocrx_word' id='word_1_775' title='bbox 827 5476 979 5532; x_wconf 76' lang='lat' dir='ltr'><strong>introdusit</strong></span> <span class='ocrx_word' id='word_1_776' title='bbox 1002 5493 1049 5531; x_wconf 80' lang='lat' dir='ltr'><strong>aaa</strong></span> <span class='ocrx_word' id='word_1_777' title='bbox 1102 5473 1173 5544; x_wconf 87' lang='lat' dir='ltr'><strong>ginis</strong></span> <span class='ocrx_word' id='word_1_778' title='bbox 1197 5473 1295 5529; x_wconf 90' lang='lat' dir='ltr'><strong>merito</strong></span> <span class='ocrx_word' id='word_1_779' title='bbox 1315 5476 1497 5546; x_wconf 75' lang='lat' dir='ltr'><strong>crarrgelicam</strong></span> <span class='ocrx_word' id='word_1_780' title='bbox 1522 5475 1655 5533; x_wconf 80' lang='lat' dir='ltr'><strong>excellere</strong></span> <span class='ocrx_word' id='word_1_781' title='bbox 1685 5473 1901 5534; x_wconf 83' lang='lat' dir='ltr'><strong>auctoritatem,</strong></span> 
     </span>
    </p>
   </div>
   <div class='ocr_carea' id='block_1_3' title="bbox 280 5663 1038 5740">
    <p class='ocr_par' dir='ltr' id='par_1_6' title="bbox 280 5663 1038 5740">
     <span class='ocr_line' id='line_1_59' title="bbox 280 5663 1038 5740; baseline 0 -18"><span class='ocrx_word' id='word_1_782' title='bbox 280 5679 307 5730; x_wconf 65' lang='lat'><strong>‚⁸</strong></span> <span class='ocrx_word' id='word_1_783' title='bbox 327 5665 377 5722; x_wconf 86' lang='lat' dir='ltr'><strong>llic</strong></span> <span class='ocrx_word' id='word_1_784' title='bbox 390 5663 551 5723; x_wconf 87' lang='lat' dir='ltr'><strong>liniturcod.</strong></span> <span class='ocrx_word' id='word_1_785' title='bbox 565 5669 668 5736; x_wconf 63' lang='lat' dir='ltr'><strong>istic„</strong></span> <span class='ocrx_word' id='word_1_786' title='bbox 692 5671 801 5725; x_wconf 81' lang='lat' dir='ltr'><strong>omissis</strong></span> <span class='ocrx_word' id='word_1_787' title='bbox 811 5685 872 5740; x_wconf 81' lang='lat' dir='ltr'><strong>quae</strong></span> <span class='ocrx_word' id='word_1_788' title='bbox 886 5677 1038 5739; x_wconf 85' lang='lat' dir='ltr'><strong>srquuntur</strong></span> 
     </span>
    </p>
   </div>
   <div class='ocr_carea' id='block_1_4' title="bbox 0 0 2053 6192">
    <p class='ocr_par' dir='ltr' id='par_1_7' title="bbox 0 0 2053 6192">
     <span class='ocr_line' id='line_1_60' title="bbox 0 0 2053 6192; baseline 0 0"><span class='ocrx_word' id='word_1_789' title='bbox 0 0 2053 6192; x_wconf 95' lang='lat' dir='ltr'><strong> </strong></span> 
     </span>
    </p>
   </div>
  </div>
 </body>
</html>
