4075 6192
152 335 204 395 ‘lli
558 329 762 388 uincentes.
783 362 817 372 -
831 327 1009 389 coenent.
1032 331 1066 388 m
1085 327 1352 389 necessumst.
1737 340 1791 401 ‘tit

151 452 283 508 cisionem
305 460 415 502 terrare
438 443 516 517 llis,
532 444 633 517 serua]‚
647 445 719 501 nesi
738 444 790 501 boc
811 444 881 502 inrte
897 461 950 501 non
964 452 990 512 Α
1002 461 1083 516 supra
1099 446 1227 512 diximus,
1248 446 1434 516 judicandum,
1461 463 1523 504 cum
1547 463 1597 507 aun
1623 461 1745 528 tempore
1765 471 1792 518 et

152 538 260 604 terem,
275 535 443 607 inepimtnm
456 535 504 591 tibi
515 534 688 607 superveniat
700 534 812 590 malurn.
999 552 1081 593 cursu
1105 535 1202 593 debeat
1227 547 1303 593 sator
1323 552 1460 610 spernere,
1481 548 1509 596 ct
1529 552 1656 601 eventum
1683 548 1793 609 Domini

187 628 271 684 luas.
284 625 313 681 5.
325 653 362 663 —
373 620 402 678 ss·
415 621 518 694 replete
529 622 628 693 [serim
641 623 732 689 nebu,
742 623 852 678 imbrem
861 625 949 695 elien·
998 628 1140 684 sententiae
1165 642 1316 684 resersme.
1343 627 1406 684 lion
1426 640 1465 686 ert
1481 632 1550 687 enim
1569 634 1692 704 uolentis,
1712 658 1793 714 neque

152 721 215 775 dent
237 723 438 786 superterram.
460 710 490 768 Si
513 713 636 769 ceciderit
653 713 753 785 liquam
776 715 812 769 od
827 725 948 770 austrum
998 716 1138 796 currentis,
1148 717 1195 771 sed
1204 718 1355 773 miserentis
1367 716 1417 773 Dei
1431 718 1520 792 (Rom.
1536 737 1575 789 rr,
1587 724 1643 797 lt).

152 821 199 868 ost
212 809 248 866 ad
259 805 459 879 aquiloneum
471 822 624 878 qamanuc
637 806 694 862 loco
704 807 834 872 emidsrit,
842 805 880 861 ili
888 808 948 862 erit.
1034 805 1116 862 vrrs.
1129 804 1187 863 6-8.
1201 836 1238 847 -
1249 805 1329 862 Hune
1342 810 1444 864 semino
1455 826 1544 866 nmen
1555 821 1639 882 tuum,
1653 826 1678 872 et
1691 836 1793 892 uespere

154 902 238 960 Serra
245 898 438 967 mandataque
446 898 495 953 tibi
504 897 629 968 superius
638 905 889 968 suntpraeeeptamt
899 913 949 952 nu·
999 911 1052 952 non
1061 905 1143 952 emset
1156 914 1253 955 munus
1266 908 1321 963 tun,
1336 901 1399 971 quia
1416 903 1499 956 nmcis
1509 905 1573 974 quid
1586 909 1670 979 muqls
1681 912 1793 978 orietur,

153 987 442 1061 bessnperteiuudant
450 987 672 1044 iubenedietione
679 987 728 1044 liei
735 988 849 1044 imbrem
856 1003 947 1043 sunm.
998 987 1047 1041 linc
1061 985 1196 1044 mutet:
1212 998 1236 1044 et
1250 989 1425 1062 sistrumque
1436 992 1525 1058 unul,
1538 995 1632 1051 melius
1641 1000 1701 1054 erit.
1712 1000 1795 1058 Dulce

156 1084 316 1153 Ubicunque
328 1080 401 1136 enim
416 1080 465 1136 tibi
483 1078 790 1150 loeumpraeparareris,
809 1079 949 1136 insuram·
998 1078 1134 1145 intumet
1147 1079 1301 1137 delectabile
1314 1090 1353 1137 est
1373 1082 1457 1138 oeulis
1470 1083 1659 1142 uideretolern.
1673 1087 1704 1145 Si
1719 1096 1795 1148 annis

155 1189 209 1247 que
228 1173 331 1234 sedem,
345 1171 402 1226 sire
415 1171 449 1226 ad
464 1178 597 1236 austmm,
614 1171 672 1227 sire
686 1172 720 1227 ad
731 1172 895 1242 aquilonem,
911 1173 949 1229 ibi
1000 1171 1090 1228 multis
1100 1173 1196 1228 riserit
1215 1174 1303 1239 Aemo,
1318 1176 1381 1230 etin
1402 1176 1444 1230 lsir
1457 1177 1576 1232 omnibus
1587 1177 1692 1236 lutatus
1704 1181 1794 1253 ssent,

156 1279 219 1321 cum
231 1271 356 1318 mortuus
376 1259 469 1325 leeris,
483 1261 664 1330 permanebis.
683 1261 770 1318 Aliter
782 1277 789 1317 :
802 1262 950 1333 Pmpteren
1000 1264 1149 1319 meminisse
1161 1264 1235 1319 debet
1248 1265 1376 1321 tenebrosi
1387 1268 1521 1338 temporis,
1541 1279 1565 1324 et
1578 1260 1687 1326 ¹dierum
1699 1273 1796 1330 multo·

157 1369 239 1425 supra
247 1353 381 1408 diximus:
395 1350 470 1406 liitte
477 1368 571 1423 punem
582 1360 657 1408 tuam
666 1368 746 1423 seper
756 1350 852 1423 turem
862 1369 949 1420 mear,
1001 1370 1059 1408 rann
1072 1367 1082 1409 .·
1094 1355 1139 1426 qai
1149 1371 1209 1410 curn
1223 1356 1349 1422 venerim,
1362 1357 1486 1412 sanitatis
1496 1369 1641 1430 aequentur
1651 1364 1795 1433 preterita.

157 1452 186 1501 et
199 1442 274 1499 omni
296 1442 398 1513 petenti
421 1441 520 1506 tribue,
543 1440 606 1510 quia
624 1449 653 1496 et
674 1442 761 1498 nubes
780 1457 843 1498 cum
864 1442 950 1513 plense
1001 1443 1131 1500 llortatur
1146 1447 1273 1503 omnibus
1287 1445 1458 1514 benefacere,
1473 1461 1524 1504 nee
1538 1448 1639 1520 eligere
1652 1465 1796 1521 personam

157 1533 270 1599 inerim,
282 1532 392 1589 diuitias
412 1546 476 1587 suas
495 1529 656 1589 mortalibus
667 1532 827 1603 largiuntur.
842 1532 877 1587 lit
896 1531 949 1605 [tu]
1002 1536 1058 1608 [cul
1078 1536 1258 1611 benefaciam,
1281 1546 1329 1594 aut
1345 1546 1452 1610 tempus
1465 1540 1492 1595 in
1513 1555 1567 1610 qun
1583 1539 1795 1618 [tautummodo]

158 1627 239 1699 qnasi
264 1626 366 1697 lignum
388 1624 569 1692 fructuosum,
584 1626 710 1697 quamuis
731 1626 868 1698 longaevos
891 1627 949 1693 sis,
1000 1625 1166 1694 benefacias,
1179 1642 1320 1697 nunqnam
1334 1629 1407 1685 enim
1425 1637 1453 1686 te
1464 1630 1549 1686 mlta
1567 1631 1640 1688 bono
1653 1647 1735 1705 opere
1750 1635 1797 1691 de·

160 1735 215 1777 non
232 1719 288 1775 eris
308 1704 338 1774 in
358 1726 530 1788 perpetuum,
544 1719 591 1774 sed
604 1719 694 1775 subita
713 1719 892 1775 viventemin
912 1720 950 1775 ita
1000 1715 1115 1784 sistere3
1130 1718 1178 1773 sed
1192 1720 1355 1775 matutinam
1365 1719 1500 1789 iustitiam
1512 1737 1610 1793 vesper
1622 1723 1750 1790 inueniat,
1768 1732 1796 1781 et

159 1810 258 1868 mortis
277 1815 437 1878 tempestate
452 1809 609 1875 subversus,
633 1809 787 1880 ubicunque
799 1808 948 1875 cecideris,
963 1815 987 1877 Β
1002 1807 1122 1877 vesperis
1134 1807 1351 1865 misericordiam
1363 1810 1430 1866 solis
1442 1818 1519 1866 ortus
1533 1811 1694 1867 accumulet.
1709 1811 1794 1869 lnoen

159 1903 197 1961 ibi
210 1900 312 1973 jugiter
322 1899 495 1971 permanebis
511 1918 518 1952 ε
535 1900 593 1955 siue
606 1908 633 1955 te
650 1898 767 1971 rigidum
783 1907 811 1955 et
821 1908 946 1966 trucem,
1003 1903 1060 1951 tum
1079 1905 1121 1953 est
1135 1898 1207 1967 qnod
1221 1899 1330 1969 quidem
1344 1900 1430 1971 magis
1442 1900 1548 1972 placeat
1560 1916 1638 1971 opus,
1653 1911 1681 1958 et
1697 1915 1795 1973 exque

159 1995 218 2051 sire
229 1994 390 2050 clementem
403 1999 431 2046 et
444 1990 649 2047 misericordem
668 1991 795 2046 ultimum
817 1991 951 2048 inuenerit
1001 1988 1051 2044 tibi
1060 1987 1166 2043 imctus
1174 1988 1287 2059 justitie
1296 1997 1474 2060 preparetur.
1486 1990 1580 2047 Potest
1589 1999 1679 2048 autem
1692 1992 1752 2048 fleri
1765 2003 1797 2049 ut

159 2095 275 2156 tempus.
293 2083 378 2139 Aliter
399 2082 512 2138 :Nubes
530 2083 665 2153 siquidem
685 2092 748 2139 sunt
760 2085 900 2154 propheta
922 2094 951 2141 et
1001 2092 1056 2133 ¹¹⁰ss
1076 2092 1171 2144 uuum,
1186 2078 1233 2134 sed
1256 2088 1401 2150 utmmque
1414 2080 1520 2150 placeat
1538 2080 1605 2138 lien·
1625 2081 1712 2138 Aliter
1733 2099 1740 2137 ι
1761 2083 1796 2138 de

159 2179 302 2242 (inquom,
341 2176 386 2245 qui
418 2189 482 2230 cum
517 2175 617 2231 multas
648 2176 768 2232 habeant
804 2176 832 2231 in
869 2178 952 2233 carde
1000 2175 1081 2225 aelale
1095 2169 1213 2226 hominis
1235 2169 1348 2242 intelligi
1362 2172 1472 2243 polerit,
1493 2180 1524 2227 ul
1542 2173 1682 2243 vqualiiel·
1696 2173 1752 2230 sile
1766 2174 1793 2229 itt

159 2288 245 2327 sacrm
266 2269 413 2340 Scriptura
426 2269 567 2334 rationes,
584 2277 650 2324 tune
671 2269 797 2326 valebunt
815 2253 951 2339 praecepta
1001 2259 1197 2328 adolescentia,
1211 2261 1268 2316 sire
1280 2261 1362 2316 etiam
1376 2261 1404 2316 in
1419 2261 1795 2328 senectutebonaiaciamus,

159 2363 254 2433 pluere
276 2360 472 2425 doctrinarum,
496 2367 524 2415 et
545 2357 636 2416 dicere
655 2377 663 2414 :
682 2361 861 2431 preponens
881 2361 953 2416 sicus
1001 2351 1066 2421 qun
1085 2352 1277 2407 nescisuuuu
1292 2353 1481 2423 injuventute.
1493 2368 1528 2408 uu
1542 2355 1570 2408 iu
1584 2354 1796 2440 uquluueevu

159 2451 250 2524 'puppa
279 2451 418 2521 cloquium
449 2465 540 2506 meum
564 2450 655 2521 (pene,
692 2466 785 2515 mn,
808 2449 847 2521 ε),
872 2448 951 2516 Quod
1002 2440 1090 2509 magis
1104 2440 1214 2510 placeas
1227 2441 1293 2496 Deo.
1306 2440 1362 2496 Nee
1379 2443 1491 2511 prodest
1506 2442 1719 2501 adolescentiae·
1735 2444 1795 2502 irn-

161 2557 228 2598 rero
241 2541 280 2596 ait
294 2559 300 2596 :
315 2542 368 2596 siue
380 2541 415 2595 ad
429 2541 627 2606 Austrum,sine
639 2540 675 2594 od
685 2539 839 2610 Aquilonem
852 2539 952 2609 liquem
1002 2531 1107 2601 galitas,
1123 2531 1146 2587 si
1162 2541 1270 2587 senecta
1283 2533 1399 2587 ducatur
1411 2533 1440 2587 iu
1455 2532 1577 2600 luserim
1591 2549 1645 2604 qua
1658 2536 1732 2592 enim
1751 2537 1796 2593 dic

159 2630 293 2696 senemr,
303 2638 434 2700 quanqum
446 2631 561 2696 mismo,
575 2644 682 2699 semper
695 2630 723 2684 jn
734 2630 833 2686 ponam
847 2639 952 2699 panem
999 2619 1090 2689 justus
1101 2622 1244 2688 errauerit,
1262 2630 1368 2678 ueteres
1384 2637 1446 2678 enm
1457 2621 1600 2691 iustitiae
1619 2634 1706 2682 morte
1727 2626 1795 2684 libc-

159 2719 294 2789 accipitur
305 2719 414 2785 Auster,
430 2727 458 2774 et
466 2719 564 2788 Aquilo
577 2719 605 2774 in
621 2719 730 2775 malam.
743 2720 821 2775 Unde
836 2720 863 2774 in
883 2720 953 2775 Can·
1003 2726 1065 2767 rare
1078 2730 1131 2770 ¹²⁰n
1142 2721 1280 2784 ll0³el¹¹¹ll=
1291 2713 1369 2781 0⁰⁰⁶
1381 2714 1405 2769 ⁸5
1416 2714 1495 2786 lum
1504 2723 1648 2787 utramque
1662 2718 1794 2790 illeille·

160 2811 217 2866 tioe
228 2812 395 2866 canticorum
409 2811 525 2867 dicitur:
532 2811 665 2882 Euterpe,
674 2810 779 2882 Aquilo,
792 2811 845 2867 hoc
854 2818 897 2866 esi
907 2825 953 2866 re-
1004 2802 1134 2858 lationem
1147 2817 1254 2872 semper
1272 2801 1450 2870 benefeceris,
1469 2813 1497 2860 el
1515 2806 1588 2860 omni
1610 2814 1690 2862 aetate
1702 2823 1794 2878 aequt·

160 2903 229 2957 cede
240 2902 331 2967 stabi,
344 2914 369 2956 et
383 2902 438 2957 neni
449 2901 545 2956 Auster
556 2899 645 2973 (Cant.
658 2915 697 2967 rr,
710 2899 766 2971 ts).
783 2899 840 2955 Nec
849 2899 954 2955 estali-
1003 2892 1057 2948 lem
1070 2907 1180 2949 cursum
1198 2889 1335 2959 habueris,
1351 2893 1457 2949 ridebis
1473 2893 1558 2950 [lenm
1576 2894 1684 2951 Patrem
1698 2895 1796 2953 dulcis·

161 2992 235 3063 quod
249 2991 350 3064 lignum
365 2991 437 3062 quod
450 2990 492 3044 vel
506 2989 541 3045 ad
559 2989 720 3059 Aquilonem
743 3002 797 3044 non
816 2988 852 3044 sit
867 2987 955 3061 relasl
1005 2985 1103 3041 simum
1133 2986 1243 3049 lumen,
1274 2984 1378 3040 ridebis
1401 2983 1539 3042 Christum
1564 2986 1649 3042 solem
1669 2984 1796 3055 iustitiae.

160 3086 305 3148 Austrum,
326 3084 388 3154 quia
412 3079 500 3140 omnis
521 3083 603 3139 horno
622 3081 710 3138 malus
731 3081 872 3138 veibonns
891 3096 952 3138 mo-
1006 3074 1092 3131 Purlo
1115 3075 1178 3131 elul
1201 3074 1280 3130 anuli
1302 3073 1394 3130 mallit
1414 3075 1525 3141 vixeris,
1552 3083 1580 3132 el
1603 3077 1695 3132 omnis
1724 3078 1795 3134 buu·

162 3176 260 3231 frenus,
966 3157 1143 3234 Chabueris,
1167 3166 1210 3221 rel
1233 3165 1305 3222 bona
1325 3179 1409 3237 opera
1428 3166 1577 3237 peregeris,
1600 3174 1628 3222 et
1652 3167 1748 3223 scieris
1771 3177 1797 3222 tc

197 3265 279 3339 442
296 3266 376 3322 vens.
390 3267 417 3320 s.
437 3297 471 3307 -
483 3265 666 3332 Quintusque
685 3277 799 3335 vemens,
813 3285 866 3325 nn„
878 3269 955 3323 semt-
1005 3275 1113 3330 semper
1126 3260 1298 3326 moriturum,
1313 3267 1342 3314 et
1355 3266 1417 3315 ante
1436 3257 1528 3314 oculos
1541 3267 1602 3315 tuos
1613 3258 1796 3327 tenebramm,

161 3366 221 3422 not,
234 3367 258 3411 ct
269 3358 313 3428 qui
324 3357 472 3411 eonndernt
484 3357 574 3423 nubes,
591 3375 725 3429 nunqnam
735 3360 817 3413 metit.
830 3359 882 3426 Qui
892 3374 956 3415 eon·
1004 3351 1033 3407 ld
1046 3360 1088 3406 eil
1099 3352 1206 3417 mullis,
1228 3365 1337 3422 temper
1349 3358 1476 3406 versetur
1492 3349 1634 3418 ullusulius,
1649 3351 1795 3422 praestuliu

160 3446 266 3501 siderat
278 3446 321 3500 cui
332 3446 500 3513 benefaciat,
522 3457 550 3503 et
569 3461 624 3503 non
637 3449 711 3505 omni
726 3450 829 3518 petenti
845 3450 953 3515 tribuit,
1004 3443 1084 3513 quasi
1096 3442 1180 3509 fluxu,
1195 3450 1223 3497 θῑ
1237 3439 1354 3514 filiiflii.
1370 3451 1398 3496 el
1410 3441 1511 3497 teduini
1525 3450 1698 3505 fflsslefflssssil
1711 3442 1795 3510 etqui

160 3550 236 3606 saepe
249 3537 440 3606 preteritenm
453 3540 499 3609 qni
513 3541 780 3611 meminissemus,
792 3541 954 3598 velmiserj.
1004 3534 1056 3590 lmc
1078 3532 1184 3598 iecerit,
1206 3533 1309 3588 ridebit
1322 3531 1461 3587 Christum
1484 3531 1569 3584 solem
1591 3530 1705 3600 justitiae
1722 3545 1796 3586 sem·

160 3627 264 3682 cordiae
280 3628 414 3695 solatium,
429 3629 471 3684 rel
492 3631 566 3687 uerbi
582 3631 629 3687 llei
643 3648 745 3688 semen.
761 3634 790 3688 ln
802 3633 868 3703 ipsis
881 3633 954 3688 enirn
1004 3639 1053 3693 pur
1076 3625 1104 3679 iu
1128 3631 1269 3679 tewinum·
1292 3620 1379 3673 ᾸΙῑῑθΓ
1400 3636 1406 3671 ²
1430 3617 1476 3671 ¹⁸¹¹
1490 3626 1532 3673 ⁰⁸¹
1544 3616 1667 3674 d⁰llll¹¹l
1687 3620 1795 3689 Sallen-

161 3721 310 3790 pmsperis‚
328 3721 391 3777 qum
405 3724 550 3792 nescimus,
564 3726 678 3781 adversa
689 3735 865 3797 consurgunt,
883 3726 956 3792 Qua.
1004 3714 1050 3767 tiae
1060 3712 1178 3768 coelestis
1190 3727 1197 3764 :
1211 3717 1239 3764 et
1250 3709 1351 3763 bonum
1365 3706 1451 3762 occulis
1475 3707 1567 3764 ridere
1581 3709 1677 3775 solem,
1690 3710 1716 3766 id
1734 3720 1793 3778 est,

161 3821 276 3882 prepter
298 3821 451 3885 opportuno
473 3816 515 3871 sei
540 3816 694 3886 importuno
716 3828 839 3888 tempore
855 3818 955 3886 praedi.
1005 3804 1129 3859 sensibus
1142 3800 1233 3856 cordis
1244 3799 1337 3856 uidere
1349 3798 1495 3854 Christum.
1652 3881 1656 3887 Δ

163 3901 267 3957 candus
279 3911 321 3956 est
336 3918 426 3957 sermo
438 3902 495 3968 Dei,
510 3919 561 3959 nee
573 3905 660 3960 bonus
671 3906 819 3962 seminator
829 3906 956 3960 aduersa·
1040 3894 1121 3948 VERS·
1136 3892 1212 3947 94⁰·
1227 3921 1263 3930 -
1275 3890 1376 3944 lilim
1390 3906 1463 3959 “9⁰2
1472 3889 1586 3959 l'llml'b
1601 3891 1629 3946 ὓ*
1644 3892 1795 3949 miliacen-

163 3992 269 4047 riorum
281 4000 362 4047 vento
373 3993 495 4060 territus,
506 3995 549 4049 rel
564 3995 680 4051 nubibus
691 3996 888 4051 blandientium
908 3996 957 4051 ob·
1006 3986 1043 4038 ¹5⁰
1056 3992 1114 4049 Μ»
1124 3992 1148 4037 θ’
1161 3984 1188 4036 5²¹
1200 3982 1266 4035 [ΝΜΟ
1276 3981 1309 4035 ‘ll
1325 3997 1372 4034 ⁶⁰?
1383 3990 1466 4034 tnnm.
1478 3978 1519 4034 Ab
1532 3979 1584 4036 ¹¹⁰0
1598 3980 1658 4037 ¹⁰⁰⁰
1669 3997 1755 4053 usque
1768 3986 1794 4039 5¹¹

165 4080 318 4146 umbratus,
343 4093 450 4135 cessare
474 4096 489 4134 a
517 4082 717 4150 praedicationis
741 4084 844 4140 semine
863 4085 953 4140 dener,
1006 4075 1088 4128 linem
1101 4072 1183 4128 libelli
1193 4072 1283 4128 varias
1296 4072 1421 4132 dnctnrm
1432 4079 1535 4143 porum
1546 4072 1793 4144 interpretationes.

163 4171 275 4240 Absque
287 4169 503 4226 consideratione
515 4186 580 4240 ergo
595 4172 707 4227 nubium
722 4181 750 4229 et
765 4183 906 4231 uentorum
920 4176 954 4230 ti·
1007 4162 1371 4233 chrseiarllsmelpnpulum
1377 4163 1797 4236 Dellullllldlcllimrfflllfss·

165 4275 242 4315 ruore
255 4260 282 4314 in
296 4259 393 4315 mediis
409 4261 614 4329 tempestatibus
627 4261 815 4317 seminandum
832 4269 891 4328 est;
906 4278 957 4317 ricc
1005 4257 1105 4327 cipitur
1118 4265 1149 4312 ut
1164 4254 1270 4312 lrnatur
1292 4254 1403 4320 diuitiis,
1419 4262 1564 4325 antequam
1577 4256 1617 4311 eis
1629 4256 1795 4327 captivitatis

165 4348 329 4404 dicendum:
345 4348 412 4404 lllncl
425 4356 530 4418 tempus
541 4350 710 4405 commodum
722 4358 774 4416 est,
790 4351 841 4405 hoc
851 4350 954 4416 inutile,
1008 4358 1113 4418 ternpus
1132 4348 1266 4412 adueniat,
1288 4350 1329 4401 rel
1349 4345 1557 4402 adolescentiam
1573 4353 1710 4404 senectute
1721 4363 1795 4404 com·

107 4427 113 4434 ’
166 4455 230 4493 cuna
248 4439 402 4510 ignoremus
415 4455 473 4508 qnae
486 4441 528 4493 ria
544 4448 572 4494 et
587 4440 711 4496 uoluntas
725 4441 760 4496 sit
773 4441 885 4510 spiritus
896 4440 956 4495 uni·
1008 4448 1107 4508 mntct;
1124 4441 1160 4495 ita
1173 4449 1272 4503 tamen,
1286 4449 1317 4493 ut
1328 4439 1356 4492 in
1369 4440 1449 4504 leno,
1463 4438 1489 4494 id
1503 4446 1545 4493 est
1558 4438 1617 4509 lege
1630 4438 1689 4504 llei,
1702 4440 1739 4495 sit
1749 4455 1797 4496 eor

167 4545 245 4584 uersa
258 4530 447 4599 dispensantis.
462 4530 539 4585 Uncle
554 4530 696 4600 seqnitur:
970 4505 1076 4604 fletus.
1099 4531 1233 4588 Admonet
1244 4544 1361 4599 quoquc,
1381 4530 1451 4585 utin
1466 4510 1560 4585 dlelsns
1571 4531 1759 4601 prosperitatis
1771 4541 1800 4588 et
1866 4558 1869 4564 ·

204 4620 284 4674 Vens.
300 4619 327 4673 5.
341 4650 377 4660 -
393 4618 528 4685 Quomodo
542 4622 648 4691 innocus
659 4639 718 4692 quse
736 4624 770 4677 sit
785 4625 826 4678 ein
837 4624 954 4695 spiritus,
1010 4624 1115 4688 salutis,
1127 4623 1155 4677 in
1173 4621 1222 4676 uiis
1235 4620 1320 4675 cordis
1332 4622 1384 4684 sai,
1396 4629 1420 4675 ct
1437 4621 1534 4674 intuitu
1547 4620 1693 4689 armornm,
1704 4623 1732 4679 id
1744 4632 1798 4692 est,

166 4719 192 4764 et
201 4727 253 4781 qna
265 4711 364 4763 rosione
374 4712 640 4782 compinqonturossn
650 4713 678 4766 in
689 4723 777 4769 uentre
785 4718 955 4786 prennontir,
1009 4711 1225 4770 considemtinne
1255 4709 1444 4766 mandatorum
1475 4710 1522 4765 liei
1553 4710 1681 4777 ambulet,
1709 4716 1796 4785 magis

166 4802 207 4854 sic
220 4799 301 4854 nescir
314 4816 392 4870 opera
403 4799 460 4866 llei,
473 4802 518 4871 qni
530 4800 688 4872 qubernutcr
698 4810 736 4856 ert
747 4804 873 4856 omnium.
898 4802 957 4859 Sie-
1010 4821 1091 4877 qnam
1103 4806 1129 4860 in
1155 4803 1309 4860 carnalibus
1322 4803 1479 4868 desideriis;
1504 4811 1531 4858 et
1549 4812 1579 4858 ut
1603 4804 1671 4860 sciat
1696 4819 1726 4860 se
1745 4820 1795 4874 pro

166 4903 199 4948 nt
219 4891 306 4947 nescis
324 4893 396 4946 uiam
420 4891 541 4961 spiritns,
563 4900 590 4947 ct
611 4892 709 4946 animm
732 4892 908 4962 ingredientis
928 4894 956 4947 in
1010 4897 1136 4953 omnibus
1157 4909 1217 4966 quse
1231 4894 1355 4965 gesserit,
1372 4894 1430 4950 siue
1442 4894 1544 4949 bonum
1558 4894 1616 4950 sive
1631 4894 1730 4949 malum
1750 4896 1795 4959 sit,

166 4983 320 5056 parvulum,
336 4990 364 5037 et
376 4983 485 5052 ignoras
506 4984 609 5039 ossium
623 4990 650 5038 et
668 4999 799 5038 renamm
816 4984 959 5040 varietates
1010 4991 1092 5046 uben
1103 4986 1356 5058 esseJudicamlnm
1372 4994 1400 5042 et
1410 4996 1438 5041 ut
1450 4979 1553 5057 auferet
1564 4986 1632 5040 iram
1647 4985 1761 5049 acarde,
1773 4993 1798 5039 et

169 5074 198 5128 in
216 5080 311 5127 ventre
335 5073 511 5143 praegnantis,
539 5074 674 5145 quomodo
695 5089 729 5129 er
751 5074 798 5129 rili
826 5074 960 5131 elemento
1012 5079 1124 5135 malitias
1145 5095 1251 5133 senene
1270 5095 1330 5144 sno,
1344 5078 1370 5134 id
1385 5084 1437 5144 est,
1461 5077 1637 5148 cogitationes
1660 5075 1755 5141 malas,
1770 5084 1798 5130 et

170 5163 393 5233 corpnshominis
405 5164 433 5219 in
447 5165 569 5221 diversas
579 5166 680 5236 effigies
690 5175 819 5237 artusque
830 5167 959 5232 varietur,
1011 5170 1136 5225 libidines
1147 5169 1237 5224 carnis
1251 5184 1328 5224 suae:
1346 5169 1410 5237 quia
1434 5167 1568 5223 desideria
1583 5167 1683 5230 carnis,
1705 5165 1799 5221 adole*

168 5263 199 5309 ct
218 5254 252 5309 de
268 5254 363 5311 eodem
386 5256 490 5311 semine
515 5256 587 5311 alind
612 5259 751 5314 mollescat
773 5257 800 5312 in
823 5256 960 5320 carnibus,
1012 5261 1132 5323 scentiae,
1141 5259 1360 5329 voluptatumque
1371 5257 1519 5316 carnalium
1532 5272 1602 5313 varra
1615 5266 1695 5312 sunt:
1708 5270 1800 5313 recor·

168 5346 244 5403 allud
266 5346 408 5403 induretur
430 5347 458 5401 in
474 5347 590 5413 ossibus,
607 5348 679 5404 alind
692 5350 720 5403 in
735 5349 811 5404 renis
836 5347 960 5418 palpitet,
1012 5351 1143 5419 deturque
1153 5363 1260 5418 semper
1269 5347 1407 5405 creatoris
1420 5348 1473 5413 sni,
1487 5356 1631 5418 antequam
1640 5347 1732 5402 veniat
1741 5347 1800 5404 dies

170 5439 244 5494 alind
258 5438 359 5510 ligetur
371 5440 398 5494 in
411 5439 503 5495 neruis
515 5456 521 5492 :
535 5440 572 5494 ita
594 5438 642 5493 llei
654 5454 736 5510 opera
749 5442 819 5497 scire
838 5456 892 5496 non
913 5455 962 5509 po·
1013 5440 1203 5505 tribulationis,
1220 5439 1313 5507 idest,
1328 5439 1498 5511 Babylonium
1510 5438 1554 5494 vel
1568 5438 1696 5494 llnmanae
1714 5437 1800 5509 capti·

171 5532 251 5598 teris,
264 5532 309 5602 qui
322 5530 409 5587 lucter
421 5542 461 5587 est
471 5531 602 5587 omnium.
615 5530 656 5585 Ex
669 5546 722 5600 quo
732 5533 810 5588 docet
825 5532 961 5588 contraria
1011 5533 1103 5588 vitatis
1117 5531 1198 5605 443
1212 5532 1331 5597 miseria,
1345 5530 1443 5602 quibus
1455 5545 1508 5586 non
1522 5530 1622 5600 poterit
1634 5527 1735 5584 babere
1751 5541 1800 5583 rn-

170 5640 226 5679 nnn
240 5624 369 5690 timenda,
382 5640 432 5680 nec
444 5633 546 5680 temere
560 5623 594 5679 de
609 5623 695 5678 rentis
709 5630 736 5678 et
750 5624 876 5690 uultibus,
894 5639 961 5693 quas
1013 5623 1152 5677 luntatem.
1176 5621 1209 5676 Et
1223 5629 1308 5677 tntirm
1331 5623 1403 5677 brrnc
1425 5621 1514 5676 locum
1528 5620 1556 5674 in
1568 5634 1622 5689 quo
1640 5618 1698 5673 nit:
1720 5618 1800 5672 tuse

207 5747 220 5773 ⁸
235 5732 310 5788 Finis
324 5735 426 5790 codicis
440 5749 491 5788 ma.

395 5828 533 5886 Parnon.
555 5825 577 5885 C
978 5901 980 5906 Α
1576 5817 1615 5874 '²³
