4075 6192
238 249 304 308 rtet
624 240 827 300 exuscitet.
844 269 878 281 -
895 197 1072 296 abnuens.
1092 237 1126 292 rt
1146 233 1338 293 troctu-
1356 233 1419 290 tta.
1439 233 1471 290 u.
1793 231 1861 285 noa

235 367 298 435 quia
311 364 334 421 si
354 369 500 433 perlatum
522 368 614 430 aperta
631 358 700 412 risio
713 364 794 417 esset,
817 354 978 418 vilesceret;
994 353 1017 408 si
1034 358 1055 416 Α
1070 355 1229 419 prosecutus
1249 353 1300 401 est.
1327 344 1489 399 Sedahbae
1503 342 1591 414 specie
1605 340 1733 396 adullam
1748 341 1862 397 rellectit

235 471 269 510 ex
284 463 340 509 toto
353 452 455 516 clausa,
476 454 703 505 contemneretur.
729 445 822 516 (Vens
842 443 900 514 ab.)
925 441 1024 498 Sacra·
1073 451 1246 501 sermonem,
1277 450 1360 505 quam
1387 435 1495 502 diguam
1514 431 1617 500 judicat
1642 432 1861 501 reprehensione.

236 553 351 600 tremunt
363 551 458 613 wem
470 537 605 596 stellarum
616 552 682 608 quaa
696 534 782 590 vidisti
797 535 824 588 iu
836 532 942 586 dextera
954 546 1022 591 area,
1073 530 1193 586 Primam
1214 534 1304 583 autcm
1320 527 1485 582 charitatem
1505 540 1555 579 usu
1579 525 1702 580 buntanae
1716 522 1862 582 locutionis

235 645 260 690 et
272 644 367 705 wera
376 630 533 690 caudelabra
544 643 643 692 narrar
655 635 750 697 upton
764 622 857 689 stello,
868 620 953 692 augeli
963 626 1024 674 aaut
1073 623 1140 679 dicit
1149 619 1249 691 prioris
1263 618 1403 688 temporis.

235 735 331 794 repleo
353 721 552 784 licentiarum
578 727 602 772 et
626 714 784 772 coademdro
798 720 905 782 upum,
928 717 1025 779 septem
1110 711 1160 768 Sia
1171 720 1270 774 camna,
1283 708 1356 762 renio
1369 706 1425 770 tibi,
1441 714 1465 759 et
1476 704 1581 762 maccla
1594 702 1778 760 cundelnlrtatt
1791 713 1864 764 tuum

237 814 362 870 Ecclesia
373 821 444 870 cam.
458 811 496 867 [le
511 810 554 864 bis
571 806 735 863 suldeieater
744 802 801 871 jara
815 800 920 856 dictum
933 806 986 852 esl-
1074 803 1174 858 deloco
1187 819 1247 868 ruo,
1264 802 1313 856 rtiri
1329 798 1612 870 penitentium-egeris.
1632 796 1702 862 Quid
1717 806 1759 853 est
1772 797 1866 866 tropos

551 935 703 995 CAPUT„
1074 895 1172 952 nitenti
1191 894 1292 956 eicere,
1312 893 1386 946 untia
1402 889 1459 954 tibi,
1481 890 1533 944 nisi
1547 889 1718 956 praesentiam
1741 890 1866 946 naemeae

706 975 714 989 ’
1075 984 1176 1040 sentire
1190 992 1215 1038 te
1237 982 1358 1036 luciam?
1379 981 1414 1035 Et
1426 981 1489 1049 quia
1504 980 1615 1051 angelus
1627 988 1656 1036 et
1675 980 1866 1036 candelabrum

274 1071 353 1125 vens.
385 1068 411 1123 l.
431 1097 467 1108 -
490 1067 523 1122 Et
544 1066 636 1138 angela
658 1065 755 1137 preri
778 1062 904 1120 Ecclesia
922 1061 1025 1117 rende:
1075 1071 1361 1143 pereignitlcationem
1374 1078 1542 1133 unumsunt,
1565 1069 1683 1138 quidest
1696 1070 1866 1136 dicerentu-

238 1163 302 1217 llaec
315 1163 378 1218 dicit
388 1162 433 1233 qai
444 1169 511 1216 terret
524 1170 619 1231 ceptam
636 1157 763 1214 stellaria
778 1155 884 1210 dextera
903 1171 964 1219 ruo,
981 1152 1027 1225 qai
1076 1161 1135 1216 nebo
1150 1158 1335 1214 candelabrum
1348 1169 1422 1212 tunm
1441 1158 1473 1211 de
1484 1157 1542 1212 lacn
1555 1173 1616 1222 run,
1630 1156 1683 1213 nisi
1695 1158 1810 1214 moretm
1821 1158 1867 1212 te?

236 1251 352 1309 umbalm
371 1250 399 1306 ia
422 1251 506 1304 medio
520 1259 616 1320 septem
633 1245 849 1302 candelabrorum
873 1259 1023 1298 aureorum.
1075 1252 1120 1312 unt
1136 1267 1188 1306 nnn
1206 1259 1278 1306 totus
1288 1248 1410 1320 angelus,
1423 1248 1470 1303 sed
1485 1262 1548 1315 pars
1561 1246 1619 1317 ejus
1634 1247 1805 1316 internitens
1819 1248 1867 1302 dc·

237 1343 330 1412 (vrrs,
344 1338 384 1411 ἰ)
409 1339 470 1396 Scis
484 1355 562 1409 sista
575 1347 633 1402 iss,
649 1347 674 1391 et
687 1335 812 1400 laborem,
837 1343 861 1390 ⁶⁸
874 1332 1026 1404 patientiam
1075 1341 1121 1398 bet
1136 1339 1260 1410 intelligi,
1275 1337 1354 1406 etqus
1367 1338 1441 1392 loeus
1452 1345 1494 1390 est
1511 1335 1641 1391 Ecclesia.
1656 1336 1725 1390 Nam
1737 1336 1801 1406 qnia
1814 1353 1869 1392 nott

236 1442 319 1486 taam.
337 1429 394 1485 lloe
412 1427 473 1484 locu
485 1429 581 1484 beatus
593 1424 720 1489 loannes,
742 1424 784 1480 rel
799 1439 832 1478 ex
846 1423 966 1493 propria,
984 1420 1026 1474 ml
1076 1443 1160 1496 genus
1173 1428 1222 1482 gen
1235 1427 1352 1495 speciem
1367 1426 1393 1479 tn
1407 1424 1503 1495 mugeto
1519 1424 1617 1494 tangit,
1631 1425 1690 1479 trino
1704 1425 1792 1482 greum
1808 1437 1868 1498 φρ.

236 1532 269 1571 ⁰¹
280 1515 489 1586 llfaecedentium
507 1514 715 1583 llfffldlfflffllllffl
734 1525 859 1582 W⁸0¹¹²2
880 1509 961 1566 rerba
973 1508 1025 1561 ⁰⁰·
1076 1520 1127 1575 eici
1140 1520 1166 1575 itt
1180 1534 1279 1594 genere
1296 1517 1424 1576 ostendit.
1453 1516 1486 1571 Et
1506 1516 1654 1570 uotautluut
1668 1517 1732 1585 quia
1751 1531 1807 1572 neu
1818 1519 1867 1588 ait,

237 1606 302 1660 mini
314 1605 371 1675 ipso
384 1605 495 1676 jubente
509 1603 604 1658 scribit
616 1603 651 1658 ad
669 1600 850 1656 universalem
863 1597 1024 1658 Ecclesiam,
1076 1610 1234 1680 properam,
1260 1608 1307 1666 sed
1332 1606 1459 1672 moveto,
1482 1607 1628 1664 ostendens
1653 1606 1870 1678 impoenitentem

237 1712 295 1765 ‘lust'
306 1693 358 1764 'per
371 1694 495 1765 millum
508 1692 717 1748 defflffllslffliu‘·
731 1692 759 1747 ¹⁰
775 1705 828 1760 ll¹¹⁰
839 1688 934 1759 indl¹⁰
945 1687 1024 1741 “¹⁰⁶0
1042 1687 1062 1746 li
1076 1700 1193 1769 quandiu
1208 1699 1235 1756 iu
1249 1700 1299 1754 liae
1313 1698 1368 1756 rita
1389 1704 1523 1760 versatur,
1545 1711 1714 1766 nequaquam
1726 1699 1762 1754 ab
1772 1697 1867 1760 Eccle-

237 1803 321 1847 totum
335 1791 480 1846 electorum
495 1802 605 1857 eorpus,
621 1784 692 1856 quod
705 1800 738 1839 ex
753 1783 853 1838 sanetis
867 1779 1025 1851 praedicato
1074 1790 1117 1850 sia
1127 1785 1248 1846 funditus
1260 1786 1359 1852 arelli3
1376 1787 1425 1844 sed
1441 1786 1540 1842 donum
1554 1785 1717 1851 sanctitatis,
1739 1802 1792 1854 quo
1806 1800 1869 1846 ante

238 1883 311 1938 ribus
328 1890 356 1937 et
370 1880 447 1936 bonis
461 1878 630 1934 auditoribus
643 1883 760 1940 constat,
783 1873 917 1944 praeconio
938 1870 1025 1925 laudis
1075 1876 1308 1936 numanosocutos
1322 1876 1439 1941 lucebat,
1452 1883 1563 1946 propter
1573 1870 1619 1931 eor
1632 1877 1804 1946 itupteuitetts
1815 1894 1868 1936 non

237 1970 385 2036 attollitur;
412 1970 492 2024 modo
514 1967 594 2023 etiam
618 1981 680 2035 pars
704 1963 857 2034 specialiter
872 1970 983 2017 notatur
997 1960 1025 2014 in
1075 1965 1185 2022 mereri.
1213 1965 1320 2022 llorere
1344 1975 1435 2022 autem
1452 1963 1582 2020 [lominus
1601 1965 1792 2024 caudelabrum
1805 1967 1869 2024 diei-

237 2060 325 2117 ffltllls·
350 2059 419 2126 Quid
433 2059 516 2128 igilur
527 2067 569 2112 est
582 2055 725 2111 Dominum
739 2053 946 2121 detlsslllfflslll
961 2047 1026 2102 stet·
1075 2063 1131 2122 tur,
1152 2055 1179 2110 id
1198 2063 1305 2114 estnon
1319 2063 1449 2118 statuere,
1474 2055 1544 2112 sieut
1559 2069 1606 2109 eor
1629 2053 1778 2114 l‘ltaraenis
1793 2058 1871 2114 ittdu-

237 2154 277 2206 tas
289 2149 317 2205 iu
332 2149 442 2205 dextera
458 2155 560 2211 tenere,
585 2144 637 2199 nisi
658 2142 758 2200 eleetos
772 2156 836 2196 suos
850 2140 877 2196 iu
888 2138 1024 2209 prosperi·
1077 2160 1147 2202 mre,
1170 2144 1281 2212 Quando
1294 2145 1375 2215 igitur
1392 2146 1507 2215 quinque
1528 2145 1633 2202 crimen
1655 2147 1784 2215 aqmqug,
1807 2155 1872 2208 [um

237 2236 474 2293 tatisbeatitodiue
489 2233 693 2305 pl'aetlesiilldlos
707 2229 828 2285 habete?
849 2227 918 2294 Quill
935 2235 1025 2281 allieni
1077 2236 1103 2292 ἰῃ
1126 2242 1274 2306 conspectu
1295 2235 1436 2292 hominum
1458 2243 1582 2294 movetur
1595 2235 1787 2298 candelabrum
1798 2238 1870 2310 eigs,

235 2338 277 2384 est
288 2329 412 2384 eumdem
427 2328 454 2382 in
469 2324 558 2380 medio
570 2322 792 2378 candelabrorum
806 2317 956 2380 ambulare,
973 2316 1026 2369 nisi
1076 2327 1122 2394 quq
1134 2325 1156 2382 si
1169 2325 1224 2378 ciro
1234 2339 1283 2393 per
1295 2325 1482 2394 poenirentiam
1494 2325 1654 2390 surrexerit,
1667 2327 1730 2396 quiq
1739 2327 1871 2388 5110on

236 2417 381 2488 unicuique
390 2424 545 2471 sauciorum
559 2413 674 2483 grallom
687 2410 817 2465 donorum
832 2406 968 2477 largiendo
978 2420 1028 2476 {iel
1077 2416 1136 2472 1000
1166 2415 1379 2472 misericorditer
1409 2416 1578 2482 collocatur,
1601 2426 1630 2476 gt
1654 2421 1691 2476 01)
1712 2423 1764 2478 1100
1794 2424 1871 2479 mum

237 2508 370 2563 internam
393 2504 581 2561 discretionem
605 2500 705 2569 ubique
727 2506 887 2570 praessnlem
912 2496 1027 2551 adesse?
1077 2512 1150 2559 stant
1164 2504 1352 2573 itteouspcctu
1374 2503 1442 2567 Dei,
1466 2504 1511 2573 qui
1526 2503 1552 2558 itt
1567 2517 1715 2575 conspectu
1731 2509 1870 2566 bominum

236 2595 314 2664 Quod
333 2596 416 2667 siper
433 2593 523 2649 stellas
538 2599 566 2648 et
579 2589 741 2647 caudelabra
756 2597 842 2643 totum
863 2602 962 2656 corpus
973 2586 1027 2642 Ec·
1073 2593 1164 2662 jacere
1176 2595 1309 2649 videntur.
1329 2593 1401 2648 llicit
1412 2608 1487 2663 ergo,
1499 2593 1603 2648 movebo
1614 2595 1669 2651 cito
1682 2596 1870 2656 candelabrum

237 2687 327 2743 clesiae
346 2684 509 2754 accipimus,
526 2681 599 2753 quod
620 2694 653 2733 ex
667 2678 761 2735 electis
782 2686 809 2734 et
824 2677 946 2748 reprobis
962 2692 1027 2731 con·
1078 2695 1152 2740 tunm
1174 2684 1207 2738 de
1227 2683 1285 2738 loco
1308 2700 1374 2748 ruo,
1395 2683 1447 2738 nisi
1470 2683 1659 2752 poeuitentlam
1676 2688 1775 2758 egeris,
1791 2688 1872 2744 idest

238 2787 310 2842 stat;
334 2792 382 2847 per
394 2777 533 2831 dffisfflffl
550 2773 652 2830 Christi
671 2772 788 2841 l⁰l0¹¹¹i³
809 2770 958 2827 dlllnllalls
970 2770 1028 2840 slus
1077 2793 1176 2835 manus
1188 2778 1342 2834 sanctitatis
1353 2785 1415 2847 post
1429 2776 1535 2847 lapsuro
1548 2792 1603 2834 uon
1618 2779 1744 2849 recipies,
1760 2779 1812 2838 nisi
1824 2795 1872 2840 etr

238 2868 407 2940 intelligenda
419 2875 471 2932 est,
484 2881 566 2936 quam
577 2864 667 2922 nullus
680 2870 770 2934 potest
781 2863 908 2929 eradere,
921 2862 983 2932 quia
1001 2863 1030 2916 in
1078 2871 1112 2926 nd
1123 2868 1311 2941 paenitentinm
1325 2868 1449 2923 emollire
1462 2868 1612 2928 cinnoente.

237 2977 319 3016 maun
333 2958 391 3029 ejus
403 2968 466 3015 sunt
477 2974 572 3016 omnes
586 2957 654 3013 lines
667 2964 766 3024 terrae;
787 2957 833 3027 qui
848 2957 919 3012 iuter
929 2956 1027 3012 cande·
1112 2962 1195 3017 leus.
1208 2958 1236 3014 6.
1248 2987 1284 2999 —
1298 2958 1351 3015 Sed
1364 2959 1412 3014 ltac
1422 2958 1513 3023 baleo
1526 2958 1597 3029 qaod
1611 2957 1690 3014 adlati
1704 2959 1776 3030 laeta
1789 2958 1867 3018 Nita-

238 3052 312 3109 labra
336 3051 474 3116 ambulat,
492 3050 581 3122 justus
602 3049 746 3114 ululando,
767 3056 795 3103 et
815 3047 929 3116 iniustos
948 3047 1027 3102 dese-
1079 3049 1215 3114 laicarum,
1230 3059 1324 3120 quaet
1338 3066 1385 3119 ago
1400 3048 1445 3106 odi
1455 3065 1465 3114 ,·
1485 3048 1708 3106 acsiunirersali
1722 3049 1872 3119 mtgelodi-

238 3144 331 3198 rende.
345 3141 435 3211 Opera
447 3148 548 3205 autem,
564 3146 591 3196 et
609 3139 740 3203 laborem,
754 3147 781 3192 et
794 3137 952 3206 patientiam
965 3151 1028 3191 san·
1078 3149 1186 3198 eeretur
1200 3159 1206 3194 ε
1222 3139 1281 3196 Non
1296 3139 1322 3194 iu
1336 3153 1368 3193 ea
1381 3138 1481 3209 speeie,
1496 3153 1577 3208 quant
1592 3138 1872 3206 conconcessum

238 3246 342 3290 starum
356 3247 386 3290 se
399 3232 528 3287 muninus
550 3232 621 3288 scire
634 3229 769 3302 perbibet,
794 3230 845 3284 boe
857 3236 899 3284 est
913 3243 962 3299 per
973 3228 1028 3284 ele·
1078 3231 1131 3285 alia
1145 3229 1197 3286 boc
1211 3230 1307 3294 babes,
1327 3228 1389 3299 quia
1402 3227 1481 3284 odbti
1494 3226 1566 3297 lacta
1585 3226 1790 3295 Nicolaitarttra,
1812 3243 1871 3300 qaae

238 3324 335 3380 ctiouis
346 3322 460 3396 gratiana
472 3322 631 3392 approbare.
652 3320 707 3375 Sed
719 3333 782 3373 ecce
795 3318 830 3373 ad
845 3316 1028 3372 infirmantem
1078 3327 1103 3373 et
1114 3336 1160 3392 eqo
1174 3319 1228 3373 atti.
1248 3317 1314 3386 eun
1333 3326 1397 3376 suat
1411 3324 1500 3375 aanor
1515 3318 1642 3389 specialia
1659 3317 1730 3375 lacta
1750 3319 1869 3380 Nicolai-

238 3412 383 3484 specialem
394 3410 516 3481 corporis
529 3419 636 3482 partem
649 3423 740 3465 sermo
752 3408 868 3463 recurrit
885 3422 947 3464 eum
963 3410 1027 3464 sult-
1078 3416 1190 3475 tarum,
1215 3408 1312 3464 beatus
1332 3406 1500 3478 Augustinus
1521 3406 1549 3461 itt
1569 3406 1640 3462 libro
1663 3408 1697 3461 de
1717 3406 1873 3468 llaeresibtts

239 3505 331 3560 ditur:
1078 3497 1322 3563 ermoditdieens:
1346 3516 1354 3547 t
1374 3497 1513 3560 Nicolaus,
1528 3505 1559 3550 ut
1575 3495 1671 3560 fertur,
1693 3512 1765 3552 unus
1777 3495 1828 3552 luit
1839 3514 1872 3554 ex

274 3596 309 3650 Et
321 3597 383 3666 quia
396 3599 525 3654 emouere
540 3612 593 3651 non
614 3599 688 3654 tales
699 3593 793 3652 malos.
811 3592 871 3649 Non
884 3593 956 3650 enim
970 3594 1029 3649 latt-
1080 3589 1134 3644 illis
1147 3596 1251 3657 septem
1265 3586 1423 3642 diaconibus
1446 3585 1493 3654 qui
1509 3584 1626 3640 ordinati
1641 3587 1752 3642 suntab
1765 3597 1873 3656 aposta

239 3686 293 3752 dis,
312 3687 359 3742 sed
373 3702 477 3758 magne
497 3685 663 3743 infirmitatis
678 3685 777 3742 indicia
798 3693 881 3750 suot,
904 3681 1030 3755 angelum
1079 3677 1124 3744 lit,
1138 3674 1395 3746 adsumentem
1409 3673 1598 3745 putctterrtmoe
1613 3673 1735 3748 conjugis
1749 3677 1873 3748 culpare·

240 3777 325 3836 nans
338 3778 536 3835 sustinerentur
551 3791 639 3847 pom.
654 3777 689 3831 et
702 3777 851 3831 noenum
864 3776 928 3843 quta
942 3775 1031 3829 etun
1081 3772 1136 3831 tur.
1156 3763 1289 3836 nunaunt
1303 3776 1332 3819 ss
1345 3779 1429 3820 canu
1442 3764 1600 3833 permisisse
1621 3763 1709 3822 fertur
1722 3775 1751 3822 tt
1770 3783 1814 3835 ea,
1826 3769 1873 3842 qut

240 3866 334 3937 angelo
344 3865 456 3920 inierius
465 3865 544 3920 dicit:
559 3864 821 3936 Sustiaaictipropter
831 3879 924 3917 nomeu
933 3879 1030 3929 meum,
1080 3855 1173 3922 vellet,
1186 3864 1318 3921 ῑῐῑθῖθῑΰΐ,
1333 3857 1406 3925 (111οὖ
1425 3855 1485 3927 eills
1497 3855 1599 3913 iacun
1613 3859 1641 3912 in
1653 3863 1875 3927 sectanttorpis·

241 3954 312 4023 quod
329 3953 392 4007 huic
404 3952 465 4008 loco
486 3952 652 4007 eontrarium
670 3954 974 4024 n0ss08l‚(1uiailluno
991 3954 1031 4012 in.
1081 3944 1176 4002 simam
1190 3959 1298 4000 versum
1310 3954 1362 4009 cdl,
1385 3959 1439 4014 qua
1453 3944 1541 4015 placei
1553 3946 1785 4004 ususiodillerens
1796 3947 1874 4004 lomi·

243 4041 367 4106 tirmitas,
389 4041 416 4095 io
430 4040 515 4097 altero
537 4042 720 4098 membrorum
732 4042 846 4099 tirmitas
860 4043 1030 4104 demonstra·
1081 4054 1187 4096 narum.
1205 4037 1454 4098 Sectotoresetiam
1465 4041 1535 4111 ejus,
1552 4053 1602 4094 nec
1620 4041 1655 4096 ab
1669 4040 1712 4096 bis
1725 4056 1785 4111 qua·
1795 4040 1874 4097 itlol'tt

242 4141 295 4186 tur.
317 4131 352 4185 Et
365 4130 471 4186 tentasti
492 4146 536 4185 eor
559 4132 603 4202 qai
617 4148 644 4186 re
660 4131 750 4187 dicunt
772 4150 827 4188 esse
845 4134 992 4205 apostolas,
1005 4146 1031 4190 et
1081 4132 1254 4212 immolantur
1263 4132 1386 4188 diridtmt
1396 4134 1472 4190 cibos
1483 4147 1557 4188 suus.
1574 4153 1584 4184 r
1599 4132 1769 4192 Generaliter
1781 4142 1872 4190 autent

241 4238 293 4276 aon
307 4230 378 4286 carte,
399 4229 424 4274 et
438 4220 556 4276 interisti
577 4238 621 4276 eor
643 4223 790 4277 mendaces.
814 4223 962 4280 Pullulasse
973 4241 1031 4281 ere·
1081 4237 1175 4279 omues
1196 4223 1316 4278 baeretici
1328 4222 1467 4280 Nicolaitae
1479 4232 1552 4280 sunt.
1567 4223 1693 4281 Nicolaus
1705 4226 1777 4281 enim
1790 4225 1875 4281 iuter«

241 4312 357 4370 dendum
373 4321 414 4372 est
426 4319 490 4370 tuuc
504 4313 530 4366 in
542 4313 640 4386 Epltesi
652 4314 772 4372 Ecclesia
788 4316 870 4371 salsos
883 4318 1031 4388 apusttdus,
1044 4351 1070 4411 υ
1082 4321 1204 4383 pretatur
1214 4313 1313 4372 stultus
1323 4315 1446 4384 populus.
1461 4313 1618 4385 Quicunque
1631 4314 1713 4386 igitur
1726 4316 1760 4372 de
1771 4317 1874 4386 sapien·

241 4419 309 4473 quos
321 4404 392 4461 tuem
403 4402 520 4461 loannes
534 4404 561 4459 tn
573 4405 685 4476 epistota
697 4422 745 4462 run
758 4409 932 4466 antichristos
941 4420 1032 4475 vocat,
1084 4404 1233 4468 tiaratos,
1250 4419 1310 4480 otte
1322 4414 1363 4461 en
1374 4404 1468 4472 Filius,
1483 4422 1547 4461 teta
1559 4423 1612 4464 non
1626 4410 1757 4474 antium,
1770 4410 1822 4466 est
1833 4424 1875 4470 aa·

242 4496 268 4550 iu
294 4511 409 4566 quorum
431 4511 548 4566 pomona
569 4498 689 4553 omnium
711 4500 898 4558 lretetieorum
919 4503 1032 4572 pertidia
1083 4496 1188 4564 pientes
1199 4496 1255 4550 ⁸5³¹
1270 4496 1384 4561 willo,
1400 4498 1547 4554 meandum
1560 4499 1645 4555 Deum
1661 4499 1876 4562 stuttmseeste

242 4596 360 4641 ttutatur.
388 4586 512 4642 Teutatio
525 4595 615 4644 autern
635 4589 779 4659 aliquando
792 4592 827 4650 ad
846 4594 1033 4663 probationem
1084 4586 1280 4642 dentuustraut.
1305 4587 1458 4644 invenimus
1471 4598 1499 4644 et
1521 4590 1548 4646 in
1567 4590 1686 4650 Ecclesia
1703 4592 1871 4662 Nicolaitas;

241 4676 378 4745 pertinet,
399 4684 431 4734 ut
452 4676 536 4733 illud:
562 4677 654 4734 Tentat
669 4681 846 4739 raedonium
867 4684 938 4744 Deae
953 4696 1034 4746 tuter
1083 4689 1131 4731 eos
1143 4675 1259 4741 seilicet,
1280 4692 1348 4747 quos
1360 4677 1441 4734 stulte
1456 4679 1483 4733 in
1505 4686 1613 4735 terreno
1635 4696 1728 4739 amore
1741 4683 1875 4744 tltesturi·

243 4766 332 4836 (aar.
354 4768 455 4840 nus).
480 4768 601 4824 secreta
621 4771 901 4841 ergocantorum,
924 4792 985 4834 mn
1005 4779 1034 4836 tn
1084 4766 1289 4823 tststidsnts·
1306 4765 1674 4840 unamquamcunque
1688 4774 1802 4840 notras,
1817 4775 1874 4831 adi·

240 4859 463 4927 predicatoribus
475 4860 618 4916 haereticos
638 4863 671 4917 de
694 4862 745 4918 lide
759 4864 919 4936 interrogat,
941 4878 1032 4925 nerum
1083 4858 1118 4914 sti
1131 4858 1294 4924 Nicolaitae,
1309 4861 1357 4916 sed
1371 4859 1442 4929 sacta
1460 4859 1665 4930 discinderetur,
1679 4864 1811 4934 quianon
1826 4881 1874 4922 aa,

242 4948 375 5016 ueritatis,
396 4966 431 5006 att
452 4951 585 5008 mendacii
600 4952 654 5006 siut
676 4953 809 5026 discipuli.
824 4956 918 5026 (l'eus.
932 4960 973 5025 ὅ.)
997 4959 1033 5018 Et
1085 4958 1184 5016 turam,
1207 4964 1267 5018 quae
1289 4950 1358 5006 b⁰¹¹³
1380 4949 1407 5005 5¹¹
1429 4950 1483 5008 3¹35ss
1496 4961 1589 5010 cml*
1608 4961 1666 5019 0⁸²2
1694 4956 1741 5011 ssd
1755 4957 1873 5027 pessima

239 5042 499 5113 prticutt'amltaber,
515 5045 698 5100 enuncientur·
712 5056 922 5117 promotiome„
935 5066 1033 5115 mm,
1084 5036 1155 5093 lucta
1177 5038 1317 5103 Dominus,
1334 5047 1362 5094 ot
1383 5040 1429 5109 qui
1442 5055 1477 5096 ex
1496 5049 1574 5110 parte
1592 5042 1666 5098 illius
1688 5052 1761 5104 suut.
1786 5043 1813 5100 tn
1832 5047 1874 5102 eit

242 5149 289 5186 nec
301 5132 429 5203 deiecisti.
453 5133 514 5190 nuc
533 5137 596 5206 quia
610 5136 754 5193 mattitcsta
775 5148 838 5194 suut
852 5149 1032 5200 transcamus.
1084 5129 1174 5185 ⁰l¹l⁵⁸0
1189 5131 1350 5200 l¹l⁰ll²¹¹l¹⁰¹l

241 5221 338 5287 (Vsus.
361 5221 401 5292 l.)
421 5221 474 5276 Sed
492 5224 574 5281 babeo
597 5228 721 5285 aduersus
740 5240 765 5284 te
786 5231 857 5301 qttod
879 5233 1037 5289 clamarem
1119 5240 1201 5296 Vens,
1217 5241 1244 5295 i.
1256 5270 1293 5282 -
1306 5241 1357 5307 eut
1370 5242 1447 5297 babet
1464 5259 1555 5299 aurem
1573 5245 1665 5301 eadm
1683 5247 1746 5318 qrtt'tl
1758 5246 1873 5318 Spiritus

240 5320 318 5365 tuam
333 5310 446 5382 primm
468 5311 606 5383 reliquisti.
630 5319 723 5386 (Vrsa.
739 5319 779 5392 ll.)
797 5320 899 5378 lleruor
912 5331 966 5378 arta
980 5325 1033 5379 ita-
1084 5327 1155 5383 dieat
1168 5327 1305 5384 Ecclerilr.
1330 5329 1388 5387 lloc
1401 5332 1473 5387 dieto
1485 5334 1624 5390 evidenter
1635 5336 1755 5392 otendit
1769 5339 1832 5408 qaia
1845 5339 1873 5394 in

239 5414 294 5468 que
313 5399 381 5454 uude
400 5401 546 5468 wideris,
569 5412 594 5457 et
617 5423 665 5476 ape
685 5412 879 5478 poemteutiatrt,
902 5423 927 5468 at
948 5416 1034 5485 prima
1085 5434 1137 5473 uua
1148 5418 1328 5488 Ephesiorum
1342 5420 1473 5484 sonora,
1492 5422 1694 5480 universitatum
1707 5427 1872 5483 erorlentlnm

246 5502 326 5557 opera
338 5487 392 5557 iar.
414 5488 492 5545 llbsit
503 5499 534 5546 ut
552 5492 575 5547 is
587 5494 702 5563 primam
716 5499 876 5560 coenoman
892 5505 1035 5575 reliquisse
1085 5511 1296 5581 comprehendit.
1311 5510 1398 5569 Aures
1419 5529 1485 5569 tero
1498 5530 1552 5571 uon
1564 5518 1697 5587 corporis,
1721 5521 1768 5576 sed
1783 5519 1873 5575 cortils

247 5577 382 5644 credatur,
397 5595 477 5650 quent
499 5583 525 5637 in
538 5586 697 5652 praecedenti
715 5590 846 5647 versiculo
866 5603 941 5650 tanta
956 5596 1036 5653 laude
1085 5601 1218 5671 reqttlrit;
1236 5601 1313 5670 ittarta
1327 5602 1409 5657 illud:
1437 5603 1514 5659 Vobis
1528 5605 1607 5673 dira,
1626 5609 1671 5680 qai
1685 5609 1793 5665 raditis.
1820 5606 1873 5661 Sed
