4075 6192
268 332 322 391 m
693 321 723 380 Β.
743 323 774 379 F.
794 313 906 379 stetui
925 321 990 380 SEU
1008 318 1145 378 ALCUlb'l
1163 317 1303 379 murus
1321 317 1466 378 iniisti.
1836 320 1888 378 111

269 455 325 502 tem
336 442 448 505 inimici,
462 449 609 507 eorumque
631 436 738 491 uomina
760 436 860 505 scripta
883 434 1016 491 iudicasse
1025 434 1054 489 iu
1068 436 1090 494 Α
1103 439 1163 487 arat
1175 430 1271 504 lidda,
1283 432 1330 502 qul
1347 431 1477 487 muudum
1489 428 1595 504 implut]
1607 430 1758 500 diuinitate,
1773 437 1802 489 ct
1812 447 1891 491 mear·

267 535 345 593 ooells
358 533 433 605 (bac.
448 546 476 592 x,
488 526 607 599 19,11));
622 534 649 581 et
659 524 750 580 statim
762 523 858 580 insert:
877 522 910 578 la
923 524 1055 593 ipsam
1103 521 1155 577 dus
1166 534 1220 593 per-
1233 522 1321 591 ipsum
1335 521 1421 578 iaews
1438 529 1495 589 θοις
1514 522 1560 591 qni
1581 523 1608 576 iu
1624 537 1734 593 woprra
1751 524 1825 580 veuit
1840 525 1892 581 bu-

266 622 405 681 easultaoit
420 620 519 694 Spiritu
531 629 632 684 nando,
647 626 671 671 et
683 617 750 671 dixit
762 632 774 671 ι
784 615 917 686 Confiteor
929 616 986 680 tibi,
1004 614 1056 670 Pa·
1104 612 1375 681 mantuanense
1387 618 1415 667 et
1428 611 1533 668 saltare
1544 613 1616 682 quod
1628 614 1891 690 maisniliorum),

266 724 315 779 ter,
326 712 436 767 baanae
453 709 509 766 ccli
521 717 546 764 et
558 717 643 770 tenc,
657 706 720 776 qaia
733 703 892 759 ainondirti
911 704 968 758 bac
981 720 998 757 a
1011 719 1055 757 aa·
1104 714 1137 755 ae
1148 713 1270 755 recreare
1284 699 1412 754 mundum
1427 715 1508 769 quem
1522 698 1637 766 lecerat;
1652 702 1699 771 qui
1712 718 1774 757 eum
1787 705 1844 760 suis
1856 705 1893 759 ll·

264 802 394 873 plectitur
403 810 428 856 et
442 798 655 871 prudentiane
670 794 789 850 renelaui
799 811 831 849 ea
842 793 958 864 ponatis
977 792 1052 864 (Luc.
1104 789 1208 845 delibus
1219 803 1269 859 per
1281 790 1452 859 praesentiam
1462 789 1610 846 diuinitatis
1619 798 1661 846 est
1670 792 1696 845 iu
1711 794 1821 858 mundo,
1831 809 1892 851 out·

266 909 295 959 a,
305 892 354 959 2l;
371 891 466 946 Matri.
477 907 515 954 nr,
529 889 587 962 25).
597 887 687 943 claret
696 902 770 958 ergo,
784 886 846 955 quia
857 884 936 939 saluti
950 898 982 942 ao
991 883 1055 937 ritae
1106 879 1184 934 uibus
1196 878 1314 951 [diebus]
1330 894 1414 948 usque
1429 879 1463 935 ud
1475 881 1734 936 consummationem
1745 882 1835 938 moui
1847 897 1889 937 ι.»

266 980 386 1038 lidelium
409 977 619 1049 congratuletur,
636 975 681 1046 qui
701 974 808 1029 Patrem
830 972 933 1044 gratius
951 972 1055 1041 agendo
1105 967 1198 1038 (Vsus.
1214 967 1273 1036 15.)
1285 966 1363 1022 luas
1375 977 1462 1022 autera
1475 985 1534 1023 cam
1551 971 1781 1042 conminatqaiu
1792 980 1898 1030 amri

267 1070 410 1134 collaudat,
433 1068 504 1140 quod
524 1083 558 1123 ea
579 1080 639 1137 quare
665 1064 883 1135 superbientibus
901 1062 1052 1124 abscondit,
1104 1064 1358 1127 montrapareaa
1371 1067 1461 1111 eumer
1472 1058 1587 1127 [ament
1596 1075 1657 1114 cana
1665 1062 1896 1134 unaqualibe-

265 1158 412 1215 qumqqgug
422 1157 518 1228 Spq-qq„
531 1162 635 1211 mu
651 1153 791 1212 revelavit,
1104 1162 1163 1200 ram
1176 1145 1204 1199 ia
1214 1154 1327 1208 aruntem
1337 1147 1390 1216 ipre
1398 1146 1495 1202 aalma
1506 1149 1609 1204 bllator
1621 1165 1686 1221 ergo
1696 1151 1807 1223 intelligi
1821 1156 1898 1224 quod

299 1250 380 1304 Vens.
396 1248 439 1303 le.
451 1278 487 1288 -
498 1244 533 1301 Ut
544 1257 630 1301 narem
645 1243 744 1314 impleti
755 1253 824 1307 mant,
840 1243 906 1297 dicit
919 1243 1054 1314 discipulis
1105 1235 1233 1290 Dominus
1246 1250 1309 1292 cum
1319 1239 1426 1292 sederet
1435 1237 1566 1296 iumoute
1577 1254 1638 1294 oum
1652 1240 1790 1310 disdpulie
1800 1243 1856 1298 suit
1865 1253 1897 1299 et

262 1340 334 1392 aab:
344 1336 529 1407 Catiiqueqaoe
539 1344 723 1406 ιιιρειαυειιιιιι
732 1336 888 1406 dramata,
897 1352 928 1389 ae
938 1344 1053 1404 mana,
1105 1326 1210 1381 videret
1221 1327 1314 1381 turbas
1327 1327 1361 1382 ad
1372 1342 1401 1382 so
1413 1329 1561 1394 senentes,
1574 1331 1749 1386 manarat
1757 1333 1791 1388 de
1802 1344 1900 1391 moute

262 1425 340 1492 erod
353 1433 446 1482 antem
465 1430 584 1479 saturata
606 1422 787 1487 multitudine,
809 1420 891 1492 jussit
910 1422 1055 1491 discipulos
1105 1425 1133 1471 et
1146 1417 1217 1473 circa
1232 1416 1360 1473 inferiora
1373 1417 1432 1473 loca
1447 1419 1541 1474 turbas
1552 1427 1672 1489 parerat.
1684 1418 1751 1475 Nam
1761 1425 1899 1490 quomoeo

262 1513 393 1586 colligere
401 1528 464 1584 quae<
479 1519 675 1583 superaverunt
694 1510 915 1582 lrngmeutorum,
932 1526 966 1566 ue
983 1511 1055 1580 peri·
1105 1507 1164 1562 lieri
1177 1515 1265 1577 potest
1276 1514 1306 1562 ut
1318 1523 1412 1563 mrsns
1424 1508 1487 1563 illuc
1498 1507 1612 1578 lugeret,
1625 1508 1677 1563 uisi
1688 1518 1750 1564 ante
1762 1509 1901 1568 domante

263 1613 334 1672 reat,
348 1606 402 1660 boo
420 1603 541 1675 prolecto
553 1602 642 1673 sigutu
660 1602 725 1672 quin
736 1602 865 1673 pleraque
878 1610 942 1657 suut
955 1615 1054 1656 arcana
1106 1598 1298 1655 desoeuderctl
1312 1597 1451 1669 Siguillcat
1469 1613 1534 1670 ergo
1550 1599 1661 1669 aliquid,
1675 1602 1747 1669 quod
1765 1600 1901 1659 Dominus

261 1694 417 1750 divinorum
429 1693 607 1764 eloquiorum,
624 1706 685 1762 quae
699 1690 770 1760 uulgi
783 1705 878 1747 seusus
888 1705 942 1745 nou
961 1690 1053 1760 capit;
1105 1686 1140 1743 de
1149 1688 1351 1744 altudescendit
1361 1689 1394 1743 ad
1405 1689 1553 1758 poscendas
1562 1689 1665 1744 turbas.
1678 1688 1754 1745 Parit
1764 1698 1899 1747 olma«

262 1779 399 1850 nonnulla,
420 1801 482 1857 qnae
498 1801 548 1857 per
567 1799 596 1840 se
618 1783 726 1855 qrridem
749 1785 838 1839 miuus
861 1784 935 1840 docti
947 1783 1052 1853 assequi
1071 1765 1153 1835 Bdit.
1173 1779 1265 1848 Quare
1280 1780 1410 1844 aseendit,
1434 1795 1497 1835 eum
1517 1780 1686 1850 cognovisset
1706 1782 1777 1852 quod
1795 1783 1899 1840 selbot

261 1886 409 1950 nequeam
425 1878 472 1933 sed
487 1891 502 1931 a
519 1873 676 1931 doctoribus
690 1874 810 1944 exposita
829 1888 890 1929 mex
905 1872 1054 1943 intelligere
1104 1884 1166 1924 curu
1181 1885 1278 1941 rapere
1296 1879 1324 1927 et
1340 1885 1430 1941 regem
1450 1869 1556 1926 boene?
1575 1870 1646 1938 Quid
1663 1871 1752 1927 enimi
1766 1872 1824 1929 Non
1835 1885 1898 1930 erat

262 1974 374 2039 queunt.
399 1966 463 2022 llaec
481 1980 551 2036 ergo.
563 1979 674 2020 necesse
694 1972 747 2028 est,
771 1971 802 2018 ot
819 1964 865 2033 qui
878 1964 979 2028 nalem,
995 1962 1054 2020 dili·
1105 1975 1163 2025 res,
1177 1961 1223 2032 aqui
1245 1961 1356 2018 timebat
1379 1962 1436 2018 llari
1458 1962 1601 2018 rexbllrnt
1616 1964 1741 2030 omniun;
1765 1978 1815 2022 uec
1833 1966 1898 2023 talis

263 2065 357 2129 geum
374 2056 521 2113 scrumndu
532 2055 667 2125 eolligunt,
689 2063 717 2111 et
726 2054 760 2109 nd
774 2054 951 2111 eruditionem
967 2055 1054 2110 utino-
1106 2065 1152 2106 rex
1167 2051 1213 2121 qui
1227 2052 1262 2107 ab
1271 2052 1429 2108 bominibus
1439 2053 1525 2118 lieret,
1539 2054 1589 2108 sed
1601 2054 1665 2109 talis
1678 2055 1725 2125 qui
1742 2056 1899 2113 bominibus

262 2162 323 2202 rurs
337 2162 386 2203 suo
399 2147 471 2203 dicto
492 2145 537 2203 rel
547 2146 649 2215 scripto
669 2143 772 2200 laniant
784 2146 936 2214 pervenire,
959 2160 994 2199 oe
1005 2144 1054 2200 ali-
1104 2155 1217 2211 reguum
1231 2141 1318 2197 daret.
1332 2140 1457 2212 Nunquid
1472 2142 1543 2198 lorts
1552 2151 1581 2198 et
1593 2144 1638 2199 bio
1648 2144 1748 2215 aliquid
1763 2146 1899 2217 sipuleu

263 2243 353 2291 menta
375 2235 452 2290 verbi
475 2234 581 2290 illorum
608 2232 710 2289 desidia
733 2242 857 2302 pereant,
878 2232 1055 2304 plebibusque
1105 2227 1897 2305 uobislesus,euiusisutsverlutuutiErgoiubouquod

262 2325 400 2391 tollanmr,
422 2325 467 2395 qui
494 2325 551 2380 bne
572 2323 687 2379 Dumium
711 2322 827 2379 donante
849 2324 1054 2393 interpretando
1104 2320 1319 2377 voluerunteuur
1331 2336 1425 2393 rapere
1436 2332 1464 2379 ct
1473 2337 1564 2393 regem
1574 2322 1673 2390 lacem,
1686 2333 1714 2379 et
1722 2329 1900 2397 propterboc

262 2416 387 2489 colligere
403 2422 511 2472 nnruut.
536 2414 682 2486 Secuntur:
703 2413 795 2486 (Vens.
824 2414 867 2486 15)
889 2412 1054 2484 Coliegcraat
1104 2409 1170 2481 iugis
1192 2411 1219 2466 iu
1240 2419 1359 2467 monum
1375 2413 1432 2483 ipae
1449 2414 1539 2480 solus,
1555 2415 1607 2472 boo
1621 2415 1649 2471 in
1665 2416 1711 2472 illo
1729 2416 1806 2490 [lan.
1824 2419 1896 2494 ipso]

262 2522 333 2575 ergo,
349 2504 444 2575 iuquit,
459 2514 484 2560 et
498 2503 668 2575 impleuerant
688 2502 826 2557 duodecim
844 2503 967 2573 captiuos
981 2502 1056 2573 frag·
1104 2499 1203 2556 lactum
1219 2509 1298 2567 tacet,
1311 2502 1377 2558 nibil
1389 2502 1517 2573 loquitur,
1529 2504 1598 2560 nibil
1608 2505 1761 2577 signifieat?
1771 2508 1813 2563 bn
1826 2508 1901 2565 torte

262 2607 450 2651 maturantes
460 2597 573 2667 quiaque
594 2595 704 2667 panibus
717 2594 878 2659 lentiliacus,
890 2610 949 2666 qua
963 2610 1055 2665 ιιριι-
1104 2594 1156 2648 boc
1168 2604 1228 2648 erat
1240 2608 1334 2663 mpero
1354 2610 1431 2659 eum,
1446 2597 1595 2666 prevenire
1612 2597 1680 2653 uelle
1695 2607 1801 2670 tempus
1820 2601 1895 2672 regui

261 2685 367 2753 {amaru
382 2685 479 2757 ldrqrd
494 2684 725 2740 manducaverant.
745 2683 813 2751 Quia
826 2684 992 2741 duodenario
1003 2701 1053 2741 uu-
1103 2682 1181 2752 ejus?
1196 2683 1301 2739 litorum
1317 2693 1428 2740 uenerat
1446 2686 1535 2750 modo,
1550 2702 1604 2743 nou
1615 2684 1671 2755 jam
1685 2703 1811 2758 regrnre,
1825 2702 1897 2759 quo-

263 2790 339 2832 mero
358 2776 426 2831 solet
445 2773 620 2846 perfectiouis
641 2774 784 2843 utriuslibet
803 2790 908 2830 summa
931 2774 1052 2845 llgsrrari,
1104 2773 1183 2829 modo
1196 2782 1357 2844 negantium
1369 2782 1411 2830 est
1429 2774 1456 2829 in
1476 2791 1509 2832 eo
1528 2777 1600 2846 qino
1616 2777 1730 2833 dioinms
1745 2794 1753 2832 ε
1768 2779 1897 2834 Adraaiat

262 2875 335 2922 recte
350 2881 401 2937 per
410 2867 549 2922 duodecim
568 2865 697 2937 cophinos
717 2863 929 2935 fragmentorum
947 2865 1052 2936 plenos,
1104 2874 1306 2934 mutuaturum.
1322 2863 1434 2935 Semper
1443 2867 1552 2935 quidem
1563 2867 1607 2923 ille
1621 2882 1682 2923 corn
1693 2867 1775 2926 Patre
1788 2875 1893 2941 regunt,

261 2957 350 3015 omnis
365 2958 502 3013 doctorum
525 2955 685 3026 spiritalium
700 2953 800 3010 elnonis
821 2954 992 3024 exprimitur,
1006 2952 1052 3024 qui
1103 2954 1251 3011 ooenodum
1264 2956 1335 3025 quod
1346 2963 1390 3011 est
1402 2956 1485 3012 Filius
1498 2958 1557 3024 liei,
1571 2959 1689 3015 Verbum
1701 2961 1759 3026 llei,
1776 2961 1895 3019 uernam

260 3049 375 3103 obscura
389 3047 600 3115 scripturarum,
613 3060 672 3116 quae
682 3042 742 3117 [per
751 3043 795 3115 se]
806 3046 892 3100 turbae
904 3051 1050 3114 nequeunt,
1104 3061 1153 3117 per
1165 3047 1237 3116 quod
1254 3045 1324 3103 lucta
1337 3056 1401 3103 sunt
1411 3049 1511 3104 omnia.
1530 3048 1713 3106 Praedineount
1724 3060 1813 3108 numm
1830 3068 1896 3124 pro·

195 3130 197 3133 ’
261 3146 290 3193 et
303 3138 457 3195 meditando
469 3137 605 3208 colligere,
627 3136 666 3209 [et
677 3135 819 3208 meditata}
829 3146 857 3190 et
869 3137 994 3191 uuandata
1009 3117 1089 3190 lit·c
1104 3143 1193 3210 pheta
1207 3155 1319 3212 regnum
1340 3142 1407 3212 ojus,
1429 3144 1510 3200 etiarn
1524 3147 1672 3202 meandum
1686 3147 1713 3203 id
1727 3149 1802 3219 quad
1812 3149 1896 3206 boma

262 3229 329 3285 teris
342 3246 392 3286 suu
401 3231 504 3300 puriter
518 3245 551 3284 ac
564 3230 702 3285 turbarum
715 3229 775 3283 usui
788 3243 949 3284 eousmrnre
960 3227 1054 3297 juben
1105 3227 1192 3286 luctus
1207 3240 1249 3286 est
1262 3231 1400 3298 cbristus,
1413 3242 1440 3289 et
1454 3234 1696 3293 leoitlldelessuoa
1712 3237 1893 3295 Christianus
2004 3205 2005 3268 Ῐ

267 3328 322 3375 tur.
346 3319 404 3375 lloc
423 3321 474 3389 ipsi
497 3322 586 3375 linere
608 3318 723 3388 apostoli
743 3326 772 3372 et
794 3319 975 3389 evangeliste,
998 3335 1053 3375 non
1104 3318 1164 3373 Erit
1178 3334 1243 3391 ergo
1254 3335 1364 3392 reguum
1377 3322 1602 3390 Christianorum,
1613 3326 1684 3396 quod
1697 3327 1773 3382 modo
1787 3327 1896 3399 rediui-

261 3422 350 3477 pauca
360 3406 428 3477 legis
440 3416 467 3462 et
476 3407 668 3477 prophetarum
679 3406 760 3470 dicta,
773 3406 888 3476 mystiaa
902 3408 959 3462 auia
970 3407 1054 3462 inaer-
1105 3414 1157 3471 ruf,
1177 3409 1249 3478 qnod
1263 3412 1343 3466 modo
1357 3422 1540 3469 commoratur
1552 3414 1606 3488 (Α)ὶ
1620 3424 1645 3470 a
1660 3417 1737 3488 laq,
1751 3431 1896 3488 mmm-

263 3497 414 3568 iii0¹²ii⁰⁰0
425 3496 516 3551 311111
530 3495 673 3549 immi&
685 3494 838 3565 ⁰l⁰80¹11183
853 3495 904 3550 1¹00
923 3510 1053 3566 sequutus
1104 3498 1169 3571 1111).
1187 3500 1258 3569 quod
1279 3502 1358 3558 modo
1375 3504 1475 3559 emitur
1493 3507 1623 3576 sanguiue
1640 3505 1756 3574 Gbristi;
1771 3508 1824 3564 erit
1841 3510 1894 3565 ali-

224 3631 227 3634 -
263 3603 359 3644 eorum
381 3587 587 3644 seorstanum
601 3585 667 3642 orbe
680 3585 813 3657 magistri,
829 3586 910 3642 etiam
933 3587 1053 3657 integros
1103 3588 1211 3657 quaudo
1236 3589 1407 3646 manifestum
1433 3609 1564 3665 reguum,
1593 3597 1700 3667 quaudo
1724 3598 1778 3653 erit
1801 3609 1893 3669 aperta

262 3680 384 3735 nonnulli
395 3680 536 3748 utriusque
549 3676 627 3748 521
650 3677 813 3733 Testamenti
827 3677 919 3744 libros,
940 3677 1053 3751 diligen-
1103 3678 1213 3736 claritas
1224 3689 1378 3738 sanctorum
1388 3683 1457 3753 eius,
1467 3687 1665 3758 pastjudicium
1679 3689 1714 3745 ab
1725 3703 1758 3746 ω
1769 3688 1892 3746 smum:

264 3775 327 3829 tiori
342 3773 528 3843 explanatione
540 3771 726 3827 discutiendo:
742 3772 792 3842 qni
801 3770 948 3841 quamlibet
967 3773 1052 3828 bomi-
1102 3770 1175 3839 quod
1184 3769 1314 3838 iudicium
1328 3776 1451 3844 superius
1463 3777 1520 3846 ipse
1533 3777 1610 3843 dixit,
1624 3778 1695 3848 quod
1710 3778 1795 3835 Filius
1807 3781 1891 3835 bomi-

267 3864 347 3918 nibus
358 3861 487 3930 despecti,
503 3859 621 3916 coelestis
634 3868 723 3915 tamen
742 3860 836 3930 gratim
854 3868 917 3915 sunt
931 3875 1000 3929 pune
1013 3860 1053 3915 le-
1102 3861 1146 3915 nis
1158 3860 1277 3917 iacturas
1289 3862 1341 3929 sit;
1356 3862 1390 3918 de
1401 3879 1455 3934 quo
1464 3880 1548 3937 regno
1557 3867 1637 3921 etiam
1649 3866 1894 3936 Apostolorum>

267 3952 358 4010 nuodi.
373 3951 440 4006 Nora
451 3949 558 4007 servilia
573 3949 695 4019 cophinis
708 3949 794 4004 solent
805 3964 889 4019 opera
902 3949 971 4015 lleri,
981 3951 1052 4006 ιιιιόι
1102 3945 1168 4002 Cum
1181 3947 1319 4003 tradiderit
1334 3966 1440 4021 requam
1453 3952 1507 4006 ileo
1523 3961 1547 4006 ct
1562 3951 1637 4007 Patri
1655 3953 1683 4023 (1
1697 3952 1758 4010 Cor.
1778 3970 1823 4020 ar,
1834 3954 1889 4026 11).

264 4046 298 4104 de
311 4044 419 4118 populo,
430 4043 476 4112 qui
490 4045 517 4097 in
532 4041 589 4096 luto
601 4055 632 4095 ac
647 4041 776 4095 lateribus
787 4042 920 4097 serviebat
933 4043 960 4098 in
971 4042 1053 4114 AEgy-
1104 4036 1179 4093 Unde
1196 4037 1277 4094 etiam
1293 4039 1350 4107 ipse
1366 4040 1431 4095 dicit
1446 4054 1454 4094 ι
1474 4039 1560 4095 Vende
1578 4041 1704 4097 benedieti
1722 4043 1812 4099 l'atria
1829 4045 1890 4109 atei,

263 4148 321 4210 pto,
336 4137 400 4194 dicit
417 4132 577 4190 Psairuista:
601 4129 767 4201 drauscius
787 4132 936 4201 iacopbino
955 4135 1052 4189 aer-nic¹
1100 4129 1223 4199 perebite
1246 4147 1354 4202 requam
1372 4132 1442 4203 qaod
1462 4133 1533 4188 uobis
1559 4144 1682 4204 parmam
1703 4145 1741 4190 eat
1763 4136 1798 4191 ab
1818 4138 1892 4193 initia

266 4236 327 4280 runt
341 4225 427 4297 (Psoi.
441 4238 521 4288 axau,
537 4219 575 4291 7).
666 4218 671 4227 '
1101 4221 1193 4275 mnndi
1207 4220 1313 4292 (uarro.
1332 4238 1394 4289 xxv,
1413 4223 1470 4296 31).
1494 4223 1623 4294 Discipuli
1644 4234 1735 4281 autem
1759 4236 1787 4282 et
1808 4228 1892 4283 narba

302 4316 382 4371 Vnus.
403 4314 446 4368 11.
464 4343 499 4353 -
518 4309 562 4366 1111
572 4326 632 4381 erpo
645 4310 759 4364 laomiaes
773 4325 834 4364 carra
848 4310 970 4365 uidissent
981 4312 1052 4383 qaod
1101 4313 1244 4369 credentes
1255 4315 1281 4368 iu
1292 4330 1362 4380 eum,
1375 4324 1537 4385 putaverunt
1547 4317 1621 4372 illum
1632 4318 1672 4373 sie
1683 4319 1790 4375 vestime
1799 4326 1827 4374 ut
1836 4320 1891 4393 jam

264 4408 361 4477 [ecerat
372 4406 486 4476 riguum,
499 4402 617 4456 dicebant
630 4417 639 4455 .·
654 4398 722 4466 Quia
737 4400 778 4454 iric
791 4409 829 4455 est
845 4417 903 4456 aere
914 4401 1049 4472 propbeta,
1102 4412 1246 4473 regnaret:
1261 4406 1808 4479 bocestrellerapereetregemlacere,
1822 4423 1891 4478 pra*
2004 4431 2005 4468 1

261 4494 442 4564 «guinemarus
456 4501 493 4546 est
509 4489 538 4544 ia
549 4489 685 4544 mundum.
704 4488 786 4544 liecte
803 4489 910 4560 quidem
925 4488 1051 4546 dicebaut
1063 4462 1089 4523 ⁰
1100 4491 1192 4546 uenire
1206 4492 1275 4547 velle
1287 4499 1391 4563 tempus
1401 4491 1471 4563 eins,
1486 4494 1557 4564 quod
1571 4494 1629 4564 ipse
1640 4494 1710 4564 apud
1726 4510 1757 4550 se
1769 4494 1890 4553 occulu-
2004 4517 2005 4520 ¹

265 4583 407 4639 ὓοιιιὶιιιιιιι
423 4580 580 4651 prophetam
601 4594 737 4649 maguum,
752 4594 855 4648 magnac
871 4579 965 4634 salutis
982 4594 1051 4650 prze-
1100 4581 1155 4645 bat,
1169 4589 1199 4635 ut
1210 4591 1360 4652 opportune
1371 4583 1498 4651 proderet
1513 4590 1542 4638 et
1560 4591 1709 4654 opportune
1727 4584 1754 4638 iu
1774 4583 1828 4640 due
1840 4599 1892 4640 sa-

262 4687 359 4730 conem
372 4671 428 4740 janu
442 4671 541 4726 mundo
555 4669 683 4724 loturum.
699 4669 766 4725 Nam
779 4679 806 4725 et
822 4671 879 4743 ipse
892 4672 1049 4743 prophetam
1100 4667 1153 4723 culi
1179 4668 1340 4726 declararet.
1356 4682 1368 4710 ⁰
1382 4670 1474 4737 Quare
1498 4681 1590 4728 nutem
1611 4673 1712 4728 dietum
1728 4684 1781 4738 est,
1801 4674 1891 4745 sagit?

262 4779 293 4820 se
304 4776 401 4817 rorare
411 4761 546 4831 dlguatur,
557 4759 602 4814 ubi
612 4759 669 4813 ait:
682 4758 750 4825 Quia
761 4777 812 4813 aaa
822 4762 889 4831 capit
898 4762 1050 4832 proplietam
1099 4756 1191 4827 Neque
1205 4759 1316 4815 enimsi
1329 4760 1412 4816 nodet
1425 4769 1573 4827 teneretur,
1591 4763 1615 4817 si
1636 4764 1721 4820 nollet
1739 4774 1888 4835 rapermur,

261 4853 347 4926 perire
363 4862 436 4905 entra
454 4847 600 4903 remantem
615 4846 691 4919 (Luc.
707 4863 766 4913 xrrr,
782 4848 838 4919 55).
864 4848 916 4903 Sed
935 4850 1048 4904 necdum
1099 4847 1183 4916 quisi
1198 4848 1290 4914 nodet,
1305 4865 1356 4906 nee
1371 4860 1573 4921 agnosceretur.
1588 4872 1598 4905 ι
1615 4851 1669 4910 Sed
1687 4854 1739 4909 boc
1757 4854 1891 4926 stgniuca·
2004 4885 2005 4888 ι

262 4944 340 5013 pleon
353 4938 406 4996 lide
418 4938 602 5009 proficiebant,
618 4936 664 5006 qui
683 4935 755 4992 buuu
768 4938 850 4992 etiam
863 4939 945 4993 Deum
958 4938 1049 4995 dicere
1101 4938 1156 4992 tive
1166 4938 1268 4995 iactum
1283 4950 1335 4996 est.
1358 4940 1439 4998 Solus
1454 4940 1534 5013 lugit,
1547 4957 1581 4999 ne
1594 4942 1739 4999 carnaliter
1754 4954 1888 5016 regnaret

261 5031 427 5088 nesciebant.
445 5026 515 5097 Ergo
535 5024 573 5079 illi
594 5024 715 5080 ridentes
732 5025 837 5096 signum
859 5027 929 5096 quod
947 5026 1049 5083 iecerat
1100 5026 1163 5095 quia
1180 5028 1253 5086 solus
1271 5031 1392 5086 ascendit
1408 5032 1435 5085 iu
1452 5031 1566 5096 cubam,
1583 5032 1655 5088 uude
1672 5034 1830 5103 spiritaliter
1848 5049 1890 5090 ro·

262 5123 351 5185 lesus,
365 5119 510 5174 dixerunt:
524 5114 593 5182 Quia
606 5115 649 5168 laic
659 5124 696 5168 eat
710 5132 767 5170 aare
782 5116 916 5187 propbeta,
925 5119 971 5189 qui
984 5135 1047 5173 nea·
1100 5127 1195 5188 gnaret
1208 5119 1235 5174 in
1249 5121 1349 5176 sanctis
1360 5123 1416 5199 suis
1429 5120 1521 5193 (lletr.
1542 5123 1591 5196 rx).
1609 5142 1618 5175 r
1635 5123 1717 5194 Fugit
1732 5127 1761 5179 ιἰι
1775 5137 1889 5182 matera

262 5224 338 5266 tanin
350 5219 388 5265 cst
399 5210 427 5264 in
441 5207 577 5263 mundum.
591 5208 646 5263 Nos
658 5208 765 5264 certiori
780 5209 916 5281 agnitione
927 5211 1049 5267 ueritatis
1099 5209 1154 5278 ipae
1166 5209 1250 5276 solua,
1262 5213 1456 5284 primogenitus
1470 5215 1626 5277 anmatos,
1644 5215 1794 5272 meandros
1809 5232 1889 5288 super
2004 5213 2005 5218 ’

262 5300 375 5366 colidei,
387 5297 509 5355 ridentes
522 5300 650 5355 muudum
663 5314 743 5369 quem
756 5298 820 5355 ierit
830 5298 917 5366 lesus,
929 5308 958 5356 et
969 5301 1047 5371 signa
1099 5299 1556 5373 omnesoaeloa,etiaterpellauspm
1566 5303 1889 5371 nonmrouansaoerdor

262 5391 360 5471 quibus
379 5390 453 5447 illurn
469 5391 591 5463 replevit,
612 5391 733 5447 dieamus
754 5392 846 5459 :Quia
865 5392 908 5447 bic
927 5400 1050 5448 estsere
1099 5389 1325 5457 siguificatsemel
1335 5392 1361 5446 in
1372 5408 1443 5450 anno
1453 5404 1712 5453 sanctasanctorum
1723 5397 1887 5469 ingrediens,

262 5480 394 5538 mediator
403 5480 449 5536 Dei
460 5482 635 5537 etbomiunm
647 5479 674 5552 (1
684 5480 751 5534 Tim.
762 5481 841 5554 ιι,5),
852 5482 897 5554 qni
911 5481 937 5536 iu
949 5483 1049 5539 maudo
1100 5495 1153 5535 nou
1164 5481 1645 5557 sinesaoguine,utiuterpeilnretpro
1654 5487 1816 5559 populoSio
1827 5504 1890 5545 rur-

299 5599 311 5626 ·
330 5589 473 5660 Hucusque
484 5592 564 5648 Beda.
1137 5603 1147 5629 e
1167 5591 1277 5661 ibidem,
1291 5609 1365 5649 num.
1380 5596 1406 5649 1.

298 5655 314 5705 il
332 5659 361 5711 S.
375 5658 455 5723 Arra,
469 5669 546 5715 tract.
561 5676 624 5721 nur,
639 5676 711 5715 uum.
727 5660 751 5724 l,
765 5660 792 5714 1.
