4075 6192
145 306 199 368 525
868 294 1058 354 EPIETOLAE.
1450 286 1455 296 ’
1729 297 1781 351 sid

145 434 172 490 tn
186 445 230 493 ω,
242 434 345 497 quem·
362 420 544 477 contessorem
567 413 669 474 christi
684 412 824 471 nonrinare
847 420 876 467 et
895 425 942 465 rc·
955 404 980 470 Α
994 418 1023 465 ct
1036 418 1066 464 ut
1078 408 1185 465 illontm
1208 409 1269 464 talis
1283 410 1336 464 rita
1362 417 1443 475 esset,
1471 418 1501 464 ιιι
1520 409 1672 479 potuissent
1687 421 1783 468 matra

144 518 236 578 aerari
253 512 379 571 omnibus
403 509 505 567 Christi
527 507 656 565 Ecclesiis
670 520 776 577 equum
799 504 918 560 arbitror
932 518 939 568 ;
993 499 1075 556 talem
1087 506 1274 557 anctoritatem
1292 508 1374 557 stare.
1390 500 1503 572 lnsnper
1514 508 1542 557 et
1553 501 1580 556 in
1593 501 1653 557 aliis
1663 501 1784 574 legebam

144 620 225 680 cutus
238 601 411 677 presentiam
425 613 613 671 superomnes
624 598 692 654 alios
704 595 857 667 bnjusm‘tm
868 594 942 649 viros
992 590 1163 656 canonibus,
1182 600 1195 630 0
1211 590 1387 661 apostolicam
1412 591 1504 646 sedem
1525 590 1695 661 judiciariam
1712 606 1784 657 csse,

144 696 347 756 desiderarem,
363 692 386 747 si
405 687 458 745 mei
471 686 622 758 corpusculi
642 685 769 741 valetudo
780 699 824 738 rne
839 683 941 738 sineret
993 696 1047 736 non
1057 680 1242 752 judicandam.
1254 680 1318 736 llaec
1329 680 1419 736 omnia
1436 688 1464 736 et
1478 682 1564 737 multo
1576 681 1654 752 plura
1675 683 1718 740 bis
1737 698 1771 739 oo

144 786 287 858 perficere.
312 781 402 856 [Quod
415 779 533 835 maxima
549 775 632 832 animi
647 774 795 845 cupiditate
807 772 853 828 din
871 772 941 827 desi·
993 773 1077 844 ssitari
1089 788 1139 845 per
1150 773 1279 844 epistolas
1289 788 1365 829 meas
1375 774 1540 829 demandare
1551 773 1591 830 illi
1605 782 1717 845 propter
1728 773 1786 845 ejus

143 875 283 937 derabam,
301 873 328 928 in
343 878 449 927 tantum
464 877 493 924 ut
506 878 559 925 tuae
570 883 634 923 rere
649 866 737 922 fateor
751 865 828 932 lidei;
845 863 941 921 situlis
992 862 1152 919 catholicam
1163 863 1336 918 cbarimtem.
1350 861 1416 930 Quis
1436 872 1526 934 potest
1541 865 1668 921 immonis
1680 880 1740 922 esse
1757 867 1786 921 in

144 981 223 1022 mens
242 962 376 1034 potuisset
394 959 465 1031 apud
490 958 571 1030 bujus
592 957 782 1013 arrctoritatem
803 953 941 1027 pmlectus
992 954 1113 1010 Ecclesia
1128 952 1229 1010 Christi
1244 963 1348 1024 pastor,
1362 954 1386 1010 si
1400 955 1471 1010 illes
1485 954 1705 1012 malefactoribus
1718 957 1787 1028 deji-

143 1055 205 1111 deri
221 1051 352 1110 Ecclesiis
365 1049 465 1106 Christi
485 1048 574 1121 qualis
593 1062 653 1103 mea
678 1046 789 1116 optabat
811 1046 940 1112 devotio,
992 1043 1072 1107 citur,
1086 1044 1132 1114 qui
1148 1051 1230 1114 caput
1250 1051 1292 1098 est
1311 1042 1495 1099 Ecclesiamm
1520 1042 1643 1100 Christi?
1657 1044 1713 1101 Suo
1734 1044 1788 1099 llo-

144 1145 335 1219 praeomnibus
344 1141 434 1198 seculi
444 1138 548 1195 deliciis
559 1146 587 1194 et
594 1137 743 1193 bonoribus
750 1135 810 1205 ejus
819 1151 941 1209 prason·
992 1136 1067 1190 mino
1078 1134 1172 1201 stabit,
1196 1140 1243 1188 aut
1259 1134 1346 1189 cadet.
1362 1133 1450 1189 Stabit
1466 1150 1536 1199 aero,
1550 1144 1643 1206 potent
1657 1145 1696 1190 est
1717 1136 1787 1190 enirn

144 1237 191 1291 tiae
203 1243 296 1291 astare
306 1245 502 1305 proponerem,
514 1229 537 1284 si
549 1227 672 1283 dammas
683 1227 766 1283 animi
780 1227 823 1282 sui
835 1227 942 1297 mitiga·
993 1227 1122 1284 Dominus
1133 1236 1247 1282 uulnere
1260 1225 1336 1281 illam
1348 1225 1438 1297 (llam.
1450 1242 1508 1292 ιιι,
1521 1226 1560 1298 dl.

143 1343 174 1385 re
192 1326 261 1382 mibi
280 1323 415 1380 indultum
436 1331 522 1387 esset,
541 1329 569 1376 et
583 1319 682 1376 litteris
699 1321 750 1376 snb
772 1318 831 1389 ejus
855 1318 941 1374 sancti
1030 1320 1070 1376 Tu
1085 1334 1164 1383 uero,
1188 1318 1226 1374 dli
1249 1318 1421 1385 charissime,
1436 1318 1475 1375 illi
1493 1328 1619 1375 rotomm
1643 1335 1788 1387 meorum,

140 1416 265 1474 nominis
278 1414 438 1471 auctoritate
450 1428 500 1484 per
509 1412 629 1469 diversas
641 1411 733 1468 mundi
747 1411 882 1482 regiones,
894 1427 942 1484 po
994 1409 1045 1484 [llll
1060 1409 1189 1466 Ecclesia
1198 1406 1301 1465 Christi
1316 1408 1344 1464 in
1357 1409 1420 1465 otili
1435 1409 1507 1464 inter
1518 1425 1584 1466 ores
1594 1419 1703 1467 sanctas
1717 1411 1789 1468 illius

142 1507 232 1582 pulos,
249 1507 406 1579 parochias,
419 1505 542 1561 civitates
560 1512 589 1558 et
602 1502 757 1573 pmrincias
769 1502 893 1568 hortari3
914 1509 942 1557 et
993 1500 1140 1565 enutritus,
1153 1499 1187 1556 ad
1202 1513 1283 1570 qoem
1298 1499 1418 1555 omnium
1439 1508 1581 1569 pastomm
1602 1509 1695 1571 pastor
1710 1503 1789 1557 tertio

144 1594 290 1655 catholico}
303 1595 365 1652 ildei
379 1594 500 1650 rabones
511 1592 635 1665 pluribus
643 1606 780 1664 exponere
791 1593 916 1662 personis
932 1609 939 1657 ;
992 1589 1062 1645 dixit
1076 1590 1167 1663 (loon.
1180 1605 1237 1655 uxr,
1251 1589 1296 1655 15,
1308 1588 1351 1657 td,
1370 1588 1412 1662 i'l)
1429 1604 1437 1643 ι
1457 1589 1542 1645 Posce
1561 1607 1620 1646 ores
1643 1590 1738 1665 meos],
1750 1592 1790 1646 ln-

143 1696 173 1746 et
186 1689 344 1760 religiosam
367 1685 578 1741 admonitionem
593 1725 601 1752 ,
623 1684 701 1755 juxta
718 1683 941 1740 consuetudinem
992 1684 1059 1739 bora
1072 1698 1121 1753 pro
1134 1681 1231 1754 capitis
1246 1683 1284 1736 tui
1299 1682 1395 1748 salute,
1410 1698 1460 1753 pro
1471 1684 1569 1738 armni
1585 1684 1703 1754 pastoris
1716 1685 1791 1740 inco·

142 1791 303 1839 sanctorum
326 1778 450 1843 Patmm,
466 1777 599 1833 chartulis
621 1777 740 1833 indicere
757 1776 940 1832 currentibus.
958 1782 981 1840 n
994 1774 1128 1840 lumitate,
1142 1789 1190 1845 pro
1203 1782 1304 1829 sanctae
1316 1774 1388 1829 sedis
1400 1776 1573 1841 auctoritate,
1587 1791 1637 1845 pro
1651 1777 1791 1833 mrboltcaa

145 1872 212 1939 Sed,
221 1880 253 1929 nt
273 1868 363 1935 rideo,
378 1868 446 1924 meis
462 1869 515 1924 boc
527 1867 737 1939 impedientibus
750 1867 868 1938 peccatis
881 1864 941 1921 deri
994 1866 1057 1922 lidci
1067 1866 1232 1938 integritate,
1243 1880 1278 1921 ne
1289 1866 1388 1937 lupinis
1400 1867 1536 1922 morsibus
1548 1878 1686 1937 pastorum
1699 1878 1792 1941 pastor

142 1965 262 2021 necdum
290 1961 389 2034 poterit
417 1968 528 2031 propter
554 1959 729 2031 lragilitatem
764 1957 942 2030 corpusculi,
993 1968 1096 2031 pateat.
1110 1959 1245 2030 Eporero
1258 1958 1600 2029 optimmvcstrrcpietatis
1619 1960 1791 2016 devotionem

143 2056 239 2113 multis
267 2052 452 2110 molestiarum
479 2050 623 2107 sarcinulis
640 2050 806 2121 subgravati.
829 2049 944 2121 losuper
993 2051 1123 2124 lacrymis
1141 2067 1304 2123 prosequor,
1320 2053 1491 2108 orationibus
1512 2069 1666 2124 assequor,
1686 2054 1792 2112 littera-

143 2166 195 2206 aec
208 2148 255 2204 ille
271 2146 373 2217 aliquid
393 2145 460 2201 mibi
474 2142 571 2199 exinde
585 2143 733 2209 mandavit,
756 2143 784 2197 in
805 2141 883 2212 cujus
894 2157 943 2213 po-
994 2158 1055 2197 rum
1069 2141 1205 2213 suffragiis
1219 2156 1380 2212 consequor.
1389 2141 1607 2199 Carrtusestocui
1618 2145 1792 2203 commendes

144 2247 243 2295 testate
253 2236 333 2309 juxta
344 2237 436 2294 seculi
450 2230 607 2307 dignitatem
622 2235 675 2290 boc
688 2234 806 2290 maxime
821 2232 881 2289 lleri
896 2234 944 2289 de·
994 2235 1107 2291 consilia
1122 2243 1178 2300 tua,
1190 2234 1319 2305 prouidus
1333 2235 1359 2290 in
1375 2236 1527 2306 responsis,
1543 2251 1622 2294 terat
1633 2238 1660 2292 in
1673 2236 1790 2307 iudiciis,

144 2330 203 2387 buit
214 2347 221 2384 ε
234 2344 286 2401 per
305 2328 374 2385 alios
385 2342 452 2383 nero
466 2326 533 2381 mibi
551 2324 666 2380 firmiter
678 2324 730 2380 boc
745 2324 896 2391 mandarit,
911 2330 943 2404 ιιι
994 2326 1127 2383 sollicitus
1141 2327 1315 2393 discernere,
1332 2327 1398 2397 qrrid
1420 2327 1463 2381 cui
1489 2328 1630 2383 conveniat
1644 2370 1652 2395 ,
1667 2337 1696 2384 et
1712 2328 1791 2401 135

145 2418 203 2476 dm
217 2418 365 2483 noluissem
381 2417 495 2487 bperse
504 2422 595 2471 autem
609 2414 676 2470 nibil
687 2414 750 2470 inde
764 2414 832 2470 dixit
994 2418 1050 2474 noli
1061 2418 1184 2474 oblivisci
1199 2425 1306 2487 patrem
1319 2418 1407 2482 senio,
1421 2416 1506 2473 dlium
1526 2419 1639 2481 meritis,
1656 2419 1790 2475 'tranem

178 2508 303 2581 lntelligo
320 2522 428 2579 quomo
440 2506 540 2563 multos
553 2522 614 2563 esse
629 2507 802 2564 emulatores
820 2506 941 2578 ejusdem
994 2507 1140 2564 charitate.
1160 2507 1276 2563 Veniotl
1297 2505 1390 2562 veniat
1411 2497 1496 2578 [idol.
1516 2507 1702 2581 serderbenim
1714 2510 1790 2575 dies,

144 2602 268 2674 predicti
287 2600 381 2657 domm
393 2599 547 2671 apostolici,
558 2601 693 2670 deponere
711 2615 773 2656 eum
788 2609 944 2672 quaerentes
995 2597 1098 2653 domei
1119 2596 1253 2667 placuerit
1273 2595 1319 2666 qui
1335 2610 1431 2650 omnes
1442 2595 1576 2666 disposuit
1595 2597 1666 2661 ilios,
1683 2597 1791 2668 quando

144 2692 258 2750 subdola
277 2693 470 2762 suggestione,
484 2702 495 2731 ι
510 2691 625 2746 crimina
637 2690 762 2747 adulterii
777 2690 819 2747 vel
831 2691 943 2764 periurii
994 2691 1076 2750 liceat
1089 2700 1197 2763 optatos
1209 2689 1349 2762 amplexus
1362 2689 1434 2760 patri
1450 2697 1477 2744 ct
1495 2689 1551 2745 lilio
1564 2690 1748 2762 conjungere,
1762 2700 1791 2747 et

145 2784 183 2842 illi
198 2786 339 2856 imponere
352 2793 527 2857 quaerentes,
551 2793 580 2840 et
601 2794 665 2841 tunc
679 2784 782 2859 [Fort.,
794 2786 835 2861 ιιι]
849 2804 941 2845 sacra-
995 2784 1099 2841 mutilis
1113 2784 1218 2854 seipsos
1231 2781 1372 2837 exhortari
1387 2779 1576 2837 collationibus
1589 2779 1677 2854 [idern
1693 2796 1791 2838 conso-

145 2885 237 2933 mento
254 2877 410 2948 gravissimi
425 2874 602 2945 jurisjurandi
625 2876 660 2932 ab
689 2877 732 2933 bis
756 2891 786 2933 se
813 2889 943 2950 purgaret
995 2875 1165 2950 latiorribus].

30 3016 31 3037 ,
145 2968 306 3024 &minibus
314 2966 473 3022 ordinantes
485 2980 493 3019 t
505 2967 545 3022 sic
556 2966 669 3023 oonsilio
682 2977 788 3024 secreto
798 2970 943 3026 suadentes
1031 2969 1135 3043 [Tertia
1157 2985 1239 3025 causa
1261 2977 1290 3024 tu
1305 2971 1318 3010 ι
1338 2967 1412 3025 inisti
1437 2969 1542 3026 itineris
1558 2969 1621 3025 mei.
1636 2970 1726 3026 Prima
1741 2970 1792 3027 luit

30 3066 31 3071 ¹
148 3065 180 3110 ut
202 3055 350 3127 deponeret
372 3055 433 3110 sine
449 3054 605 3125 juramento
617 3058 943 3132 pontidmtum,etqoie·
995 3063 1179 3119 Ecclesiamm
1196 3061 1312 3129 Cbristi;
1325 3060 1443 3118 ειιιιιιιΙιι
1466 3062 1558 3117 ιΙοιιιιιι
1572 3062 1655 3133 regis,
1679 3062 1742 3132 quin
1763 3063 1791 3118 in

145 3157 204 3203 tam
219 3149 247 3203 in
258 3149 380 3219 quolibet
392 3150 559 3205 monasterio
572 3158 665 3221 ageret
678 3151 772 3218 vitam,
788 3151 860 3223 quod
882 3168 941 3209 om·
955 3125 979 3190 C
995 3153 1146 3226 lacrymish
1158 3153 1311 3224 lacrymans
1321 3151 1412 3208 dimisi
1425 3168 1497 3218 cum,
1509 3152 1621 3223 sopiens
1633 3162 1792 3223 perpetuam

32 3234 33 3249 ¹
146 3240 212 3295 nino
222 3239 282 3295 lieri
293 3256 346 3295 non
356 3241 446 3306 debet,
460 3257 511 3297 nec
523 3242 566 3297 ille
580 3242 814 3314 ipsoconscntire,
830 3260 941 3316 seqoo-
995 3245 1096 3301 laetitiae
1107 3243 1179 3300 illius
1190 3245 1351 3299 memoriam
1366 3243 1463 3299 animm
1476 3258 1542 3299 men
1557 3243 1723 3309 inscribere;
1737 3252 1793 3301 ter-

145 3332 217 3388 libet
226 3341 396 3389 sacramento
404 3336 601 3404 constringere,
610 3343 656 3390 aut
670 3338 762 3393 ειιιιιιι
773 3352 850 3393 suam
865 3337 943 3393 amit·
994 3338 1031 3392 tia
1056 3335 1241 3392 dulcissimam
1263 3334 1406 3391 clraritatis
1429 3343 1483 3390 tuae
1507 3333 1600 3390 ridere
1617 3332 1729 3400 faciem,
1745 3334 1793 3392 sed

144 3434 221 3479 tore.
228 3422 428 3494 Respondemm
440 3441 489 3496 pro
496 3441 542 3493 eo,
550 3426 573 3481 si
586 3443 618 3482 ex
629 3427 778 3499 latereejus
785 3429 939 3485 stetissem:
991 3428 1146 3503 prohibitos
1169 3443 1229 3484 sum
1250 3442 1338 3499 usque
1352 3427 1442 3483 adbuc
1459 3434 1490 3482 ιιι
1504 3425 1593 3489 tieret,
1618 3426 1690 3496 qood
1714 3422 1792 3481 raldo

144 3511 202 3579 Qut
210 3513 271 3568 siae
279 3523 384 3584 peccam
397 3524 435 3569 ert
450 3526 572 3581 restrum,
583 3516 682 3587 primata
696 3517 723 3572 in
737 3516 813 3573 illurn
826 3517 941 3590 lapidem
992 3518 1126 3587 optarint
1139 3516 1226 3572 beret.
1238 3516 1298 3572 Erit
1310 3516 1401 3586 itaque
1413 3530 1463 3585 per
1482 3522 1589 3571 vestras
1608 3524 1718 3570 sanctas
1730 3529 1792 3570 ora-

143 3603 233 3658 nittst
246 3601 339 3676 (lun.
351 3620 412 3672 ιιιι,
428 3605 467 3677 l).
992 3608 1091 3674 tiones,
1113 3610 1177 3666 dom
1198 3607 1223 3663 ei
1237 3606 1380 3677 placuerit,
1400 3606 1458 3661 sinc
1485 3620 1539 3675 qno
1562 3604 1630 3662 nibil
1645 3604 1709 3663 boni
1732 3605 1793 3662 ileri

179 3693 290 3751 Eemini
305 3711 350 3752 rue
365 3696 462 3769 legisse
471 3698 620 3769 quondam,
632 3699 654 3755 si
667 3699 719 3755 rite
732 3701 872 3767 recordor,
884 3700 898 3742 l
912 3702 941 3757 in
991 3697 1102 3767 poterit.
1119 3699 1127 3739 ί
1146 3696 1266 3766 Epistola
1281 3710 1347 3751 rero
1357 3695 1433 3765 prior
1448 3711 1509 3766 qiam
1522 3696 1556 3753 ad
1569 3712 1619 3752 nos
1638 3699 1689 3753 sub
1699 3704 1792 3754 restro

145 3782 301 3841 Canonibus
326 3786 399 3842 beati
418 3785 564 3854 silvestri,
591 3805 644 3844 non
663 3791 754 3847 minus
773 3791 807 3847 72
824 3793 941 3850 recubus
992 3790 1102 3844 nominc
1114 3788 1249 3861 pertenit,
1275 3787 1460 3858 querimonias
1482 3788 1613 3859 quasdam
1634 3790 1737 3847 babens
1758 3790 1792 3848 de

146 3874 300 3943 pasotrem
315 3878 496 3934 accusandum
511 3894 583 3945 esse,
600 3889 627 3935 et
640 3881 745 3952 jndicio
757 3884 916 3954 praesentari
930 3901 937 3915 ·
992 3881 1114 3937 moribus
1127 3880 1276 3951 apostolici,
1290 3888 1319 3935 et
1334 3881 1367 3936 de
1376 3880 1497 3950 periculo
1510 3891 1557 3937 tuo
1566 3881 1637 3952 apud
1648 3899 1711 3939 eum
1725 3899 1789 3954 pro

204 4029 387 4101 Gaasarorear
396 4029 647 4090 Cinnillimimm
660 4036 939 4111 Leoncmlllpapam,
992 4038 1026 4094 ad
1042 4035 1341 4123 srrppositaablsidore
1355 4036 1507 4093 llereatore
1530 4035 1652 4093 referunt
1669 4036 1794 4111 moderni,

42 4120 44 4179 t,
147 4101 394 4170 utipseoontettns
435 4104 521 4159 istola
530 4105 942 4166 demorrstrat.Conlessorrero
994 4109 1094 4164 critici.

147 4170 252 4237 &¹⁸⁸2
267 4173 333 4242 duh
346 4188 397 4243 pto
457 4175 523 4230 rislo
536 4177 750 4258 persecutionem
769 4186 942 4236 ettomcnta
1030 4177 1231 4250 easpostolicrmt
1250 4178 1372 4235 molem...
1386 4177 1634 4250 perjudicandum.
1657 4176 1698 4232 Es
1710 4190 1791 4246 syno=

146 4254 238 4322 passm
264 4249 325 4307 cst,
387 4244 475 4299 anrvis
502 4245 599 4301 deinde
626 4247 799 4318 tranquillam
826 4258 941 4305 mortem
994 4250 1040 4314 do,
1054 4249 1206 4314 absdubio,
1228 4248 1395 4305 Sinuessano
1409 4248 1436 4304 in
1459 4264 1541 4305 causa
1553 4246 1701 4304 Marcellini
1722 4260 1791 4329 pon·

146 4310 251 4365 obierit
271 4311 356 4367 «Con
413 4314 450 4379 io,
465 4314 554 4384 inquit
578 4316 723 4372 sancmsc
743 4319 854 4389 prianos
877 4318 939 4375 libr.
993 4319 1075 4375 tillcis
1095 4327 1191 4375 coacta
1212 4318 1348 4376 annobdb
1370 4318 1476 4375 blcuinl
1494 4315 1636 4375 consilium
1654 4315 1790 4386 archiepi-

147 4380 640 4461 deSimplieitatel‘raelat.sxordiom
652 4395 694 4443 est
749 4389 942 4453 riae,nonme·
993 4388 1251 4462 scopietcpiscopi,
1266 4389 1416 4461 interquos
1430 4389 1504 4444 Arno
1518 4389 1615 4452 luerat,
1632 4386 1791 4457 scentipro-

147 4450 224 4506 rltom
237 4466 365 4520 coronae3
380 4468 435 4509 non
454 4453 562 4526 perlicit
575 4455 695 4525 laudem,
716 4460 764 4515 sed
787 4457 878 4516 initiat
893 4460 937 4517 di·
951 4469 979 4534 u
993 4461 1174 4517 nuntiarunt:
1193 4478 1202 4510 ι
1226 4459 1280 4515 llos
1301 4460 1393 4515 sedem
1407 4459 1602 4530 apostolicam,
1626 4473 1686 4529 quae
1709 4464 1792 4528 caput

147 4521 316 4587 βὶῑιῑθίιὶοι
990 4530 1164 4586 estomnium
1176 4528 1430 4596 DeiEcclesiarum,
1443 4529 1568 4613 judicare
1581 4543 1634 4584 non
1647 4526 1788 4593 nudemus.

178 4592 192 4631 δ
209 4591 264 4647 Per
274 4609 305 4648 re
317 4602 406 4648 αιιιιιιι
420 4594 486 4649 nibil
502 4596 564 4652 inde
574 4597 651 4653 dicit.
666 4598 706 4653 Ex
726 4599 851 4656 hocloco
860 4600 938 4657 colli·
989 4600 1059 4656 Nam
1079 4601 1114 4655 ab
1128 4600 1186 4671 ipsa
1205 4614 1257 4657 nos
1273 4616 1369 4657 omnes
1388 4608 1417 4657 et
1429 4601 1532 4658 vicario
1552 4613 1604 4657 sno
1616 4597 1788 4668 judicamur:

148 4674 186 4729 pr,
200 4663 274 4733 quod
290 4661 420 4721 alcuinus
429 4665 570 4735 epistolam
586 4668 667 4740 regis,
681 4683 735 4739 qua
747 4669 784 4725 illi
803 4689 816 4722 r
839 4671 940 4743 impro-
989 4671 1049 4742 ipsa
1076 4678 1166 4727 autem
1187 4686 1204 4726 a
1221 4671 1329 4729 nentine
1348 4670 1501 4742 judicatur,
1522 4667 1751 4752 quemadmodum
1763 4677 1792 4725 et

206 4741 227 4795 t,
240 4732 315 4803 qnod
334 4732 407 4789 lamo
419 4735 555 4792 sordentia
567 4736 742 4794 ’damnorum
755 4748 827 4796 tecta
837 4742 940 4798 auratis
990 4742 1120 4813 antiquus
1129 4756 1190 4798 mos
1202 4740 1267 4807 luit,
1278 4752 1332 4798 etc.
1349 4761 1359 4795 ι
1373 4741 1470 4799 Αιιιιι
1482 4740 1501 4795 l.
1514 4747 1563 4796 ert.
1578 4739 1618 4795 lle
1631 4738 1677 4795 bis
1688 4753 1722 4797 ne
1736 4739 1789 4795 brt-

149 4746 328 4883 manorum
340 4805 449 4860 arcibus
470 4814 649 4877 praeponeret,
670 4827 680 4861 t
698 4809 762 4864 dum
778 4822 940 4881 praesentem
988 4810 1107 4883 jusmodi
1128 4810 1402 4869 canonibnsconsule
1417 4810 1528 4867 Petrum
1551 4807 1695 4867 deliaca
1718 4807 1790 4864 Con·

149 4873 286 4938 imberet,
298 4874 418 4930 nondum
431 4877 577 4947 acceperit.
751 4899 754 4907 ·
991 4883 1067 4938 cord.
1084 4881 1197 4940 Sacerd.
1212 4882 1259 4937 lib.
1273 4899 1300 4950 ι,
1317 4897 1377 5009 cap.
1392 4881 1422 4936 ll
1439 4889 1469 4936 et
1480 4879 1558 4936 alios.

169 4951 191 5021 ,ι
208 4942 394 5025 renuentum,
407 4961 468 5027 qum
486 4945 569 5003 reiert
583 4948 743 5007 Anastasius
761 4948 889 5007 biblioth.
913 4953 941 5008 in
1031 4951 1179 5007 ‘froiam
1195 4953 1334 5009 eduntote.
1374 4952 1409 5008 id.
1424 4951 1504 5022 epist.
1518 4949 1714 5032 ldinuncll).

148 5008 204 5065 lata
226 5011 327 5069 Leonis
339 5012 373 5068 lll
393 5017 436 5071 brs
458 5017 548 5074 verbis
562 5037 569 5072 :
584 5018 655 5074 llum
674 5020 702 5075 in
726 5036 826 5093 magno
839 5023 942 5079 bonore
1030 5020 1159 5078 ⁸Frrlrti.
1181 5021 1337 5095 Legendum
1356 5021 1461 5087 forsan,
1476 5022 1587 5091 sairam
1610 5020 1730 5085 itineris,
1757 5020 1792 5075 ad

146 5081 253 5165 apodse
268 5099 320 5155 per
338 5083 506 5154 aliquantum
521 5096 575 5144 tem
596 5105 628 5144 us
646 5105 708 5145 eum
726 5090 868 5165 (Leonem)
884 5093 943 5164 ipse
1012 5092 1067 5146 uod
1092 5092 1217 5162 superius
1243 5094 1351 5149 dixerat
1374 5108 1404 5150 se
1425 5100 1552 5149 vocatum
1575 5106 1624 5147 seu
1645 5088 1790 5145 inritatum

146 5153 335 5234 musianus
348 5170 396 5210 rex
410 5157 560 5224 habuisset,
576 5105 639 5216 Rrec
652 5161 757 5231 praeiati
769 5161 855 5233 iniqui
863 5201 941 5219 .....
993 5109 1088 5219 inisse.
1249 5233 1255 5244 ·
1757 5229 1764 5242 ‚

146 5220 228 5305 moirti
238 5231 303 5279 sont
305 5263 362 5279 .....
378 5225 445 5281 laisa
466 5226 597 5285 adversus
609 5232 812 5289 sanctissimum
834 5234 944 5304 pontiti·
1029 5231 1215 5301 hbserpmonr
1228 5231 1316 5288 dimisi
1329 5248 1400 5288 esan.
1412 5232 1514 5306 lienem
1524 5231 1654 5289 nimirum
1663 5231 1789 5291 Tamais

146 5296 704 5439 mammaemammal*
731 5303 943 5431 ιιι
994 5301 1356 5429 tantudem
1570 5303 1624 5361 ιι
1646 5315 1718 5359 ”¹⁰⁰
1737 5298 1792 5357 ⁸⁰⁰

360 5405 368 5431 ,
696 5390 730 5428 ua
840 5391 863 5431 is
895 5393 911 5430 n
933 5392 940 5406 ·
1114 5412 1122 5435 t
1290 5411 1298 5426 ·

146 5433 203 5500 qnia
217 5449 268 5504 per
277 5436 391 5493 insidias
400 5447 429 5493 et
440 5438 596 5509 iniquitates
616 5388 721 5509 ἓιυιιιῖιι,
783 5446 809 5501 ‘a
833 5460 883 5501 nec
903 5418 943 5502 di1
1034 5445 1042 5484 ἰ
1068 5440 1186 5514 Epistola
1199 5442 1283 5514 prior.
1303 5441 1367 5498 llmc
1386 5442 1504 5500 bruonis
1518 5446 1553 5502 ad
1570 5442 1714 5500 Alcuintlm
1731 5440 1776 5512 epi

147 5503 226 5558 reoda
251 5515 377 5563 muctam
391 5507 542 5566 Ecclesiam
561 5512 705 5571 bumiliarc
717 5515 841 5572 tolentes
853 5515 944 5587 prole-
995 5512 1078 5577 stola,
1092 5510 1261 5568 criminaillt
1274 5510 1358 5567 Leoni
1369 5513 1402 5568 ΙΙΙ
1413 5528 1490 5584 papa
1504 5514 1572 5571 lclso
1584 5513 1709 5585 imposltn
1723 5527 1775 5568 oon

147 5572 273 5629 fem·
996 5585 1087 5641 tinens
1103 5584 1139 5639 ab
1158 5583 1218 5653 ipso
1235 5582 1365 5646 dlcuino,
1391 5599 1426 5639 nc
1452 5584 1515 5642 inde
1538 5584 1696 5642 scandalum
1719 5579 1790 5651 apud

173 5641 549 5730 137dlsdcuorrilssleoti
556 5651 838 5727 silvestrilnSynodo
845 5656 945 5712 lioma-
996 5655 1106 5725 ignaros
1121 5652 1346 5732 oririputnisset,
1359 5654 1415 5727 igni
1434 5655 1533 5712 tradita
1547 5664 1600 5723 est,
1613 5662 1642 5711 ιιι
1654 5653 1712 5726 ipso
1724 5665 1791 5708 dun·

147 5723 274 5783 tapam,
298 5717 349 5773 sub
366 5718 499 5778 silvestro
507 5737 577 5795 papa
605 5723 689 5797 Cqurs
702 5726 943 5800 tamon-decretum
998 5733 1089 5781 testim
1101 5724 1194 5788 babel.
