4075 6192
188 389 249 447 -ιῢ
935 390 1124 450 asisanum.
1780 405 1832 461 g„

195 509 265 581 mets
285 505 349 577 teg,
372 521 427 561 non
449 506 558 562 noeenti
582 521 694 562 marera
718 506 866 580 acciduatl,
888 517 917 561 et
935 521 989 562 noa
1002 514 1027 569 Α
1040 523 1074 564 ea
1094 509 1240 581 damulis.
1256 513 1338 568 edam
1359 510 1500 570 cicatrices
1512 513 1569 584 siut
1585 521 1766 579 contrectans,
1785 528 1834 573 ῃ.

194 594 283 666 magis
292 593 390 665 ludici,
414 595 461 666 qrri
480 595 562 652 hahet
583 604 747 666 potestatam
768 597 851 668 ligare
875 595 918 652 uel
937 595 990 653 sol·
1039 597 1267 656 damavudinens
1282 619 1288 654 ε
1304 600 1517 660 domimum
1530 616 1556 659 et
1568 604 1640 663 Duas
1652 621 1724 661 meaa
1738 603 1831 681 (lm.

195 700 269 753 vers,
281 680 407 742 oneidere
418 693 447 741 et
459 685 613 743 viviticat-ei
625 686 655 743 Si
668 687 752 759 igitur
762 695 875 758 propter
890 702 989 744 nomen
1039 702 1085 752 u,
1096 687 1153 760 ιι).
1170 688 1205 744 Et
1220 705 1283 746 omn
1299 690 1371 747 illins
1385 695 1477 750 earnis
1492 702 1548 751 tota
1562 696 1703 768 integritas
1717 710 1832 769 appara·

194 779 400 853 ndenpatoms,
422 781 496 851 qaod
516 789 611 837 macta
638 782 709 838 soiet
728 780 869 852 Scriptura
891 781 990 851 sepiars
1039 786 1091 845 ret,
1105 780 1320 839 demonstratum
1341 792 1384 841 est
1402 787 1430 841 in
1452 802 1495 853 ea,
1515 788 1587 858 quod
1605 803 1671 845 suns
1684 791 1831 847 exhortans

194 889 245 946 pro
262 883 358 931 nostra
372 889 476 946 ponere
493 874 664 937 liberatione,
683 875 741 931 suit
753 874 797 933 iile
811 874 928 945 sapiens,
942 889 990 930 ne-
1038 870 1146 927 dixerat
1168 891 1175 926 :
1198 872 1318 945 Capillus
1344 877 1438 948 sumtis
1464 881 1542 934 uestri
1565 896 1617 935 aon
1639 882 1732 953 peritis
1753 881 1828 953 (dae.

193 964 341 1022 mesariam
353 979 415 1021 esse
428 964 456 1020 in
472 965 558 1021 salute
576 974 668 1022 nostra
692 965 885 1031 uenditionem,
908 970 989 1035 atque
1039 976 1095 1026 ιιι,
1109 962 1164 1035 li).
1177 964 1278 1020 Verum
1293 967 1317 1022 si
1330 967 1420 1038 capilii
1442 977 1599 1025 sanctinum
1619 986 1671 1026 non
1693 971 1829 1042 peribunt,

192 1055 359 1124 emptionem
369 1069 431 1111 cum
441 1062 529 1112 morte
539 1055 639 1121 dicere,
652 1055 699 1113 ubi
708 1056 783 1128 prior
791 1053 893 1128 emptio
906 1061 987 1120 esset,
1037 1062 1139 1123 quanto
1160 1056 1247 1127 magis
1265 1070 1315 1113 nec
1335 1060 1446 1130 sanguis
1463 1059 1602 1116 Christiis
1618 1060 1751 1118 Similiter
1767 1062 1831 1120 hes·

194 1154 225 1201 ut
240 1161 273 1202 ex
288 1160 322 1202 ea
333 1146 424 1218 priore
440 1147 560 1203 monada
574 1149 706 1221 reemptio
718 1147 814 1219 (atille
830 1149 989 1219 interpreta-
1038 1142 1608 1218 tosFuigeutius(dii.arrodi'risimuedurs
1615 1151 1830 1224 regam,crp.dl)

193 1236 248 1308 tur)
258 1234 333 1306 juste
343 1235 398 1292 diei
409 1236 517 1293 rateatt
535 1236 624 1311 (Quod
639 1253 705 1295 sero
717 1239 834 1296 dicimus
844 1238 986 1304 recreatio,
1037 1230 1072 1287 de
1086 1241 1141 1289 tota
1155 1235 1324 1293 humanitate
1344 1234 1468 1310 eorporis
1490 1224 1592 1297 caiisa
1614 1223 1831 1302 ascendendam

192 1326 234 1382 sel
248 1325 417 1394 relormatin,
432 1327 494 1384 ideo
505 1327 621 1385 dicimus
632 1329 696 1399 qnia
713 1329 764 1385 luit
774 1330 862 1400 prima
885 1328 987 1385 creatio
1037 1320 1136 1379 cetum
1156 1326 1342 1383 testimouium
1355 1328 1409 1384 tale
1421 1329 1449 1384 in
1461 1328 1534 1386 libro
1549 1330 1583 1386 de
1605 1328 1659 1386 tide
1674 1330 1830 1388 Christiana

190 1428 218 1475 et
229 1417 368 1485 inrmatin,
380 1418 488 1491 quando
506 1419 631 1475 homines
647 1419 732 1475 creati
751 1426 815 1475 sunt
830 1426 912 1489 atquc
932 1416 987 1473 ior·
1035 1414 1178 1484 proterens
1189 1435 1195 1471 :
1207 1436 1216 1467 ι
1226 1416 1336 1485 Postea,
1350 1419 1447 1490 inquit,
1461 1434 1545 1492 guam
1557 1421 1648 1493 posuit
1661 1422 1831 1487 animemus

191 1509 283 1582 mati.)
294 1508 454 1566 ΝιιΙΙιιιιιιιι
465 1510 501 1565 iia
511 1510 624 1582 intelligi
635 1518 724 1581 potest
738 1509 897 1581 redemptio,
908 1507 986 1580 quasi
1036 1508 1231 1578 resumpsisset
1248 1511 1398 1569 secundum
1416 1519 1501 1568 tutam
1521 1512 1719 1569 humanitatem
1740 1526 1833 1580 mam,

190 1599 315 1671 summm
329 1610 402 1657 esset
419 1602 520 1672 emptio
534 1609 598 1658 ante
610 1620 617 1655 :
631 1616 682 1658 nec
694 1602 776 1657 etiam
789 1599 851 1666 hoe,
864 1600 936 1670 quod
946 1599 987 1655 di-
1036 1596 1064 1651 in
1090 1597 1189 1654 αιιιιιιι
1213 1596 1344 1669 asomdit,
1367 1610 1397 1657 et
1411 1602 1439 1658 in
1458 1602 1571 1659 deutera
1584 1601 1633 1658 net
1647 1602 1764 1659 sedisse
1774 1601 1831 1677 [ae-

189 1689 262 1745 situr
285 1691 456 1762 redemptio,
480 1690 515 1747 ad
540 1691 704 1761 emptionem
728 1699 835 1747 motum
857 1691 984 1761 pertinet,
1036 1687 1093 1763 det]
1111 1710 1144 1745 ,ι
1166 1692 1293 1750 Redemit
1313 1695 1386 1751 enim
1409 1710 1459 1753 nna
1481 1696 1604 1752 diuersas
1627 1695 1764 1752 mstinms
1785 1694 1829 1752 ia·

189 1788 321 1849 sumtum
331 1779 367 1835 ad
377 1779 575 1848 liberationem,
588 1781 658 1836 siem
668 1782 982 1851 superiusostenoimum
1033 1781 1122 1852 iuriae
1132 1794 1161 1841 et
1171 1787 1323 1857 passiones,
1335 1787 1443 1844 siaonia
1456 1803 1563 1860 passas,
1578 1786 1664 1859 alapis
1673 1800 1769 1853 wsns
1780 1785 1829 1843 da·

188 1868 260 1937 quod
282 1875 310 1925 et
329 1868 415 1940 ipsius
435 1869 542 1927 Domini
569 1870 659 1927 uerbis
684 1871 794 1942 probari
818 1880 918 1942 potest,
937 1874 983 1930 uhi
1001 1852 1023 1912 Β
1035 1872 1113 1946 gellis
1126 1874 1286 1933 verberatus
1298 1885 1350 1935 est
1365 1877 1490 1934 Redemit
1507 1852 1601 1950 nuque
1618 1878 1751 1950 sangnine
1763 1892 1828 1950 pas-

187 1961 227 2014 ait
240 1979 248 2016 :
268 1956 291 2013 F
291 1960 354 2017 ilias
374 1962 486 2019 iomisit
501 1979 554 2018 uon
573 1964 641 2018 uenit
664 1963 821 2029 ministrari,
845 1965 891 2021 aed
907 1968 983 2023 mini·
1032 1965 1148 2021 simam.
1163 1964 1205 2021 ild
1217 1974 1384 2045 postremum
1395 1967 1511 2023 redemit
1520 1982 1581 2030 uos,
1593 1967 1724 2024 miraema
1736 1982 1829 2025 manu

186 2061 282 2119 uram,
299 2064 324 2109 et
340 2055 533 2109 dorenuimnut
551 2071 628 2109 saum
644 2055 984 2127 redemptinuemprnmui·
1032 2059 1162 2117 maenis
1184 2059 1348 2126 eundem,
1376 2061 1448 2115 sicut
1471 2060 1541 2116 dixit
1560 2059 1706 2131 apasaotm
1730 2068 1827 2118 ιιιιιοιι

185 2144 221 2197 tia
231 2142 341 2218 (letti.
355 2160 401 2211 ιι,
413 2144 470 2217 28).
486 2144 553 2212 Quis
569 2146 650 2201 audet
665 2146 756 2202 dicere
774 2148 981 2205 animamillam
1031 2146 1214 2219 complectens
1240 2166 1246 2202 :
1274 2147 1371 2220 Hagen
1392 2149 1476 2220 pretio
1502 2147 1626 2219 redsmpd
1650 2148 1712 2204 estis
1724 2146 1750 2221 (i
1763 2146 1825 2204 Cor.

185 2243 320 2301 sanctam,
340 2235 552 2304 immaculatam,
575 2246 744 2309 segregatam
763 2240 798 2295 ah
821 2241 895 2296 omni
919 2256 981 2311 pee-
1031 2255 1069 2306 ιι,
1082 2238 1140 2312 ιι).
1154 2238 1221 2307 Quis
1234 2253 1300 2295 sem
1318 2238 1385 2295 iliud
1406 2239 1557 2310 accepisset
1575 2246 1633 2293 mm
1652 2245 1750 2310 potens
1765 2252 1829 2309 prae

184 2335 256 2389 cato,
276 2326 359 2382 morti
371 2327 463 2384 datam
478 2328 556 2385 essai
569 2328 654 2401 hiagis
668 2328 810 2387 uideamus
822 2332 866 2388 eui
881 2334 940 2390 hee
952 2335 980 2390 in
1032 2330 1111 2395 tium,
1130 2329 1274 2386 annianus
1292 2329 1357 2401 guid
1370 2328 1551 2385 Cassiodorus
1563 2327 1681 2383 edmms
1692 2327 1828 2398 interpres

184 2415 398 2487 redemptionem
410 2412 532 2475 nostram
547 2418 666 2475 daretur.
680 2419 773 2477 iieiert
783 2422 880 2478 matus
892 2422 980 2482 Lucas
1029 2419 1200 2477 mumma
1213 2419 1331 2476 dmum
1342 2418 1377 2475 de
1390 2424 1428 2475 en·
1436 2432 1537 2474 serm:
1553 2415 1768 2487 Maenium
1777 2417 1829 2473 suia

183 2507 350 2579 evangcdsta
358 2506 450 2566 Mum
468 2506 562 2567 lesum
575 2511 605 2567 iu
618 2527 699 2569 cruce
719 2512 873 2571 clamasse:
886 2515 977 2586 Pater,
1029 2512 1063 2564 ait
1076 2508 1209 2565 mas
1221 2509 1317 2582 mele
1328 2525 1377 2569 ⁸⁸⁰
1389 2506 1477 2582 (Pul-
1491 2524 1536 2575 ⁶¹»
1550 2508 1590 2581 9)·
1608 2508 1828 2566 ‘Uitellium

182 2600 212 2654 in
223 2616 317 2655 tantm
330 2608 390 2655 tana
405 2600 556 2656 commendo
569 2598 690 2673 spirituaii
712 2619 815 2669 meum·
830 2605 921 2660 etloec
935 2607 979 2660 di·
1029 2599 1113 2665 enim,
1124 2599 1173 2665 tii,
1185 2599 1297 2664 didimi
1312 2597 1526 2670 Milium
1539 2600 1621 2665 *biis
1633 2600 1832 2669 (immine

181 2706 244 2747 uas
267 2691 408 2762 saturnali
432 2691 507 2764 (due.
528 2706 609 2757 ιιιιι,
629 2692 686 2766 td).
708 2692 826 2764 Spiritus
846 2702 875 2750 et
888 2695 978 2751 anima
1029 2688 1190 2745 videbantur
1206 2688 1327 2761 indidere
1345 2688 1456 2759 0⁸th-
1474 2687 1528 2745 Sed
1550 2687 1605 2744 ¹²¹0
1625 2690 1744 2759 pretium
1762 2689 1825 2756 ¹⁰¹2»

181 2779 290 2837 diuersa
301 2781 484 2837 suntnomiaa
496 2798 504 2849 ;
517 2782 618 2839 sedhis
631 2782 792 2839 testimoniis
808 2781 978 2840 hominium
1028 2778 1101 2848 quod
1118 2794 1173 2835 aon
1190 2788 1323 2851 manum
1340 2785 1471 2843 sumeret,
1485 2775 1533 2834 'sed
1545 2777 1591 2835 iiie
1604 2777 1652 2848 goi
1664 2768 1825 2834 ahsnireha·

179 2886 243 2931 asse
260 2887 306 2931 res
328 2870 495 2946 agnoscitur.
517 2872 577 2930 Non
598 2874 680 2946 ighnr
702 2873 792 2944 aliqum
815 2875 979 2934 necessitate
1029 2881 1074 2927 tur
1087 2873 1232 2944 acciperet.
1253 2870 1387 2927 Lucratas
1406 2879 1449 2928 est
1466 2870 1590 2942 captivus
1611 2871 1824 2943 redemptionum

181 2974 301 3030 metus,
315 2966 366 3022 ted
378 2965 489 3037 pmpria
503 2966 649 3031 uoluntate,
667 2966 789 3033 tradidit,
803 2966 867 3023 dum
881 2967 976 3035 volarit,
1028 2972 1116 3030 mam,
1131 2964 1232 3036 etipse
1251 2963 1339 3036 magia
1359 2963 1422 3018 inde
1436 2963 1548 3029 ditams,
1561 2961 1610 3033 qui
1619 2960 1763 3019 tenebatur
1776 2961 1825 3018 oh·

180 3056 316 3128 spiritum
332 3055 396 3112 Sive
409 3059 528 3112 animam
539 3057 597 3113 sire
606 3057 732 3129 spiritum
746 3056 868 3113 dicamus
881 3076 887 3113 :
901 3056 977 3114 Patri
1027 3057 1136 3123 noxius,
1151 3064 1180 3112 et
1196 3064 1328 3129 tyrannus
1348 3055 1504 3120 damnatus,
1528 3053 1574 3125 gni
1597 3051 1705 3109 tenahat
1724 3066 1822 3109 enar.»

179 3146 390 3212 commendauit,
404 3154 433 3202 et
449 3146 561 3203 tradidit
575 3148 601 3203 in
615 3146 829 3219 redemptionem
842 3156 975 3215 nostram,
1029 3148 1083 3206 Sed
1106 3148 1281 3222 queremum
1294 3156 1339 3205 est
1351 3145 1506 3218 diligentius
1520 3152 1602 3215 atque
1615 3142 1712 3199 merito
1725 3142 1824 3198 intuitu

178 3238 251 3294 sicat
269 3246 333 3294 ante
351 3236 486 3310 predixit,
508 3236 555 3293 nbi
579 3238 635 3293 ait:
652 3237 812 3294 Potestctem
825 3236 907 3293 odico
926 3254 975 3310 po·
990 3201 1012 3264 C
1029 3240 1236 3313 inspiciendum,
1250 3252 1286 3295 an
1296 3238 1396 3309 justim
1409 3237 1518 3293 dicatur
1529 3243 1645 3292 mortem
1656 3249 1672 3289 a
1683 3232 1825 3290 suasura

177 3329 260 3383 uadi
282 3330 398 3383 mimam
420 3321 524 3395 meam,
550 3338 574 3382 et
595 3337 749 3400 potestatem
775 3327 857 3382 tadeo
881 3329 976 3384 iterum
1029 3341 1123 3389 nostro
1139 3333 1292 3404 suscepisse
1304 3331 1434 3403 pretinm,
1459 3345 1494 3384 aa
1515 3329 1603 3401 ipsam
1622 3335 1739 3383 mortem
1759 3340 1824 3398 prs·

175 3420 302 3476 sumendi
312 3438 370 3475 eam
380 3421 471 3491 (loru.
485 3437 512 3487 x,
524 3420 580 3491 i8).
592 3420 717 3476 Animam
730 3435 796 3476 uero
809 3436 887 3476 suam
898 3418 977 3477 Chri·
1028 3424 1096 3480 tium
1108 3438 1171 3480 esse
1185 3422 1379 3495 redemptionis
1392 3429 1501 3479 nostrae
1517 3419 1666 3477 initiamus
1679 3418 1745 3492 qnid
1756 3417 1823 3475 hea-

175 3519 241 3567 stns
255 3525 306 3583 pro
319 3511 507 3585 nohisposuit,
532 3520 561 3569 et
583 3512 691 3585 quando
711 3511 807 3579 voluit,
822 3511 929 3583 posuit,
948 3520 978 3567 et
1029 3522 1073 3571 tus
1093 3513 1259 3587 Augustinus
1280 3514 1344 3570 iude
1367 3512 1441 3569 dicat
1463 3509 1542 3585 [Coti.
1564 3509 1634 3576 Vae,
1658 3507 1772 3580 indicat}
1794 3509 1824 3563 in

175 3602 289 3673 quando
300 3603 399 3674 posuit,
411 3601 487 3658 Patri
504 3602 586 3674 188
596 3602 811 3668 sommendavit;
826 3601 973 3665 etiterum,
1027 3605 1097 3662 iihm
1119 3614 1218 3678 quarto
1239 3605 1273 3662 da
1293 3611 1389 3660 sancta
1409 3602 1543 3658 'iiinitate
1556 3599 1633 3672 (Cap.
1648 3598 1692 3663 12,
1704 3599 1734 3653 is
1745 3597 1824 3678 fieti,

175 3695 287 3768 quando
306 3694 398 3761 soluit,
421 3696 535 3767 sumpsit
555 3709 626 3751 eam.
646 3693 751 3751 Ponere
764 3709 830 3767 ergo
844 3694 975 3759 animam,
1027 3697 1074 3752 uhi
1091 3697 1209 3768 piurima
1230 3694 1387 3766 disputatas
1406 3692 1440 3748 de
1456 3689 1557 3763 pmnali
1569 3687 1758 3759 etiustissima
1771 3691 1825 3745 mi·

176 3786 248 3842 mori
259 3795 311 3842 est
324 3785 396 3843 Caro
405 3788 496 3858 posuit
508 3787 638 3854 animam,
653 3796 682 3843 et
693 3800 758 3842 earo
769 3787 867 3842 iterum
882 3800 975 3855 sump-
1027 3786 1106 3841 serias
1117 3795 1226 3848 nostre,
1239 3792 1267 3838 et
1280 3798 1333 3839 noa
1348 3781 1438 3838 dehita
1453 3780 1560 3837 Domini
1574 3780 1659 3836 nostri
1668 3777 1736 3837 lesu
1743 3777 1824 3836 Chri-

176 3879 215 3934 sit
223 3894 285 3935 eam
299 3887 434 3951 potestate
449 3879 626 3936 inhabitantis
640 3866 721 3934 Verbi
737 3877 785 3933 Dei
799 3877 826 3931 in
841 3891 883 3932 eo.
898 3874 976 3942 Qirnd
1027 3874 1062 3930 sti
1075 3882 1172 3928 morte.
1193 3871 1253 3926 add
1274 3876 1399 3935 mortem,
1413 3870 1512 3939 inquit,
1527 3884 1578 3940 per
1592 3879 1734 3940 peecatum
1746 3871 1823 3926 seui-

176 3971 222 4028 nic
232 3971 817 4044 dicit:Potestntemitnheoportendinaimum
826 3967 976 4032 neumam
1027 3978 1098 4031 mus,
1121 3971 1151 4020 et
1168 3962 1213 4019 ille
1231 3976 1281 4033 per
1295 3958 1441 4031 iustitiam.
1466 3958 1501 4014 m
1522 3959 1585 4015 ideo
1604 3974 1667 4015 enm
1690 3959 1727 4016 sit
1747 3972 1823 4017 mora

175 4066 275 4140 [dois.
285 4065 344 4142 uhi]
356 4065 458 4121 dictum
469 4073 527 4121 est:
539 4062 672 4118 lacliaatn
683 4061 767 4135 capite
777 4059 887 4115 tradidit
897 4058 977 4129 spiri-
1027 4066 1120 4114 nostra
1136 4070 1217 4128 pmna
1234 4053 1348 4126 peceati,
1363 4066 1439 4109 mors
1451 4050 1522 4107 illius
1532 4048 1604 4106 iacta
1617 4050 1758 4107 mthostia
1770 4066 1822 4122 pru

175 4165 231 4211 tam
244 4154 335 4228 (lona.
348 4168 405 4220 ιιι,
416 4152 472 4228 30).
482 4153 532 4225 Qui
545 4152 658 4225 spiritus
668 4150 822 4214 animaest,
833 4162 915 4219 qrram
926 4161 977 4219 po-
1026 4149 1177 4221 peccatis..
1194 4144 1326 4203 Similiter
1346 4142 1400 4200 alin
1423 4140 1541 4215 rapinis
1563 4139 1686 4211 eiusdem
1708 4140 1770 4196 iiitri
1786 4141 1821 4197 da

177 4247 232 4303 snit
240 4245 439 4304 Christnsdum
449 4244 543 4300 soluit.
554 4241 700 4301 lnseenim
710 4249 832 4312 potestas
842 4248 910 4303 erat,
921 4253 975 4294 nnn
1026 4248 1115 4296 morte
1134 4238 1236 4296 Christi
1261 4237 1300 4292 ita
1322 4235 1388 4293 dicit
1409 4233 1486 4309 (Cap.
1503 4232 1555 4299 it,
1575 4248 1603 4288 a.
1623 4230 1687 4306 ili:
1708 4228 1821 4304 aNeqna

177 4343 205 4397 in
219 4348 316 4403 morte
342 4339 451 4413 qnando
470 4343 585 4411 poneret
605 4334 734 4400 animam,
751 4331 861 4405 quando
874 4332 975 4386 iterum
1026 4331 1098 4387 enim
1113 4327 1343 4403 cujusquamjure
1353 4327 1496 4400 potestatis
1507 4332 1605 4382 exutus
1618 4331 1662 4380 est
1673 4321 1821 4380 mrmiiter

174 4439 299 4488 sumeret
310 4445 382 4487 eam.
397 4429 466 4500 Quid
479 4443 545 4486 uero
557 4427 585 4484 in
597 4425 780 4496 Redemptore
792 4430 886 4478 nostro
898 4435 975 4477 mors
1027 4422 1114 4497 μοι,
1124 4419 1231 4493 camel,
1244 4420 1291 4476 aed
1304 4420 1363 4491 ipse
1375 4433 1406 4474 se
1417 4417 1502 4474 exuit
1517 4414 1586 4471 iiam
1599 4414 1647 4485 ιιι·
1661 4421 1755 4485 posset
1765 4428 1822 4470 uon
1842 4438 1846 4445 v

133 4548 136 4557 ›
175 4521 321 4594 potestatis
333 4520 438 4584 hahuit,
453 4520 518 4576 dnm
530 4517 622 4575 omnia
635 4515 746 4588 propria
757 4512 897 4570 uoluntate
910 4526 975 4585 per·
1026 4515 1096 4571 mori
1111 4514 1134 4571 si
1150 4511 1243 4577 nhilet,
1256 4507 1362 4583 [procui
1383 4505 1477 4581 dnhin]
1496 4505 1560 4578 quia
1577 4503 1673 4570 animi,
1694 4512 1821 4560 mnan»

176 4612 249 4677 iecit,
265 4628 327 4684 qum
339 4621 440 4669 unsmae
453 4610 549 4667 salutis
564 4625 646 4666 causa
660 4610 870 4666 communicem
883 4606 972 4678 patria
1026 4613 1077 4662 est.
1090 4595 1125 4660 Ct
1134 4602 1195 4658 iden
1204 4600 1372 4673 principatus
1381 4603 1567 4669 etpoiestates
1576 4591 1740 4666 exemplavit
1751 4590 1821 4649 tos

174 4700 235 4776 [F.,
252 4699 348 4775 Patre]
371 4701 519 4766 voluntate,
543 4714 640 4773 gerere
666 4697 816 4771 disposuit?
838 4698 922 4769 igitur
941 4696 974 4752 de
1026 4694 1130 4751 cialiter
1154 4691 1326 4762 triumphans
1351 4703 1400 4744 eas
1423 4687 1451 4744 in
1474 4685 1630 4757 smnetipso.
1660 4683 1746 4741 iiorte
1769 4696 1820 4739 aua

64 4820 74 4835 ι
175 4794 338 4851 dormimus
348 4793 435 4849 Adam
448 4792 535 4850 latere
545 4791 612 4858 Eva,
628 4805 688 4864 quae
702 4789 972 4862 interpretatursita,
1026 4787 1125 4859 quippe
1136 4798 1191 4840 uno
1202 4783 1347 4840 venusino
1358 4778 1493 4838 sacrificio
1503 4793 1553 4850 pro
1567 4776 1644 4834 nohis
1653 4775 1745 4833 ohhto
1754 4792 1778 4842 ;s
1790 4782 1824 4833 et

175 4885 295 4943 {armata
317 4893 361 4943 est
380 4884 456 4959 (Ceo.
473 4900 504 4950 rr,
515 4882 579 4957 Ξι);
593 4885 633 4939 sic
647 4883 681 4939 de
694 4880 795 4938 Christi
810 4881 896 4937 latere
909 4882 973 4937 dor·
1026 4888 1207 4949 ceteraque
1231 4872 1392 4933 mirabiliter
1413 4870 1587 4943 pmaeguimr
1608 4869 1642 4924 de
1661 4867 1758 4924 eadem
1777 4881 1818 4923 ιο.

176 4983 288 5038 mlentis
310 4981 442 5037 in·cmce
462 4977 599 5053 prolatum
625 4987 669 5034 est
692 4975 820 5033 Ecclesiae
843 4976 972 5048 pretium.
1025 4973 1092 5029 item
1102 4978 1272 5044 postpauca,
1293 4966 1322 5022 in
1339 4979 1372 5021 en
1385 4960 1513 5033 capitulo,
1528 4959 1572 5017 cui
1585 4957 1667 5033 talem
1678 4956 1824 5030 proposuit

176 5071 255 5131 Unde
269 5072 369 5145 etipse
392 5087 443 5144 per
463 5069 628 5144 Prophetam
641 5087 650 5125 ι
663 5067 720 5140 dign
739 5067 861 5135 dormiet,
874 5067 972 5137 inquit,
1026 5060 1157 5136 [denium]
1171 5060 1231 5115 :tte
1244 5056 1376 5127 merifitao
1390 5053 1505 5129 perfecto
1514 5062 1538 5107 at
1550 5067 1610 5108 asro
1623 5050 1693 5123 quod
1704 5049 1760 5120 ipae
1770 5064 1822 5121 pso.

174 5174 201 5220 et
214 5180 337 5220 emaum
351 5162 417 5235 cepi,
433 5170 458 5218 et
470 5162 613 5228 resurrexi,
633 5160 758 5233 quoniam
772 5157 901 5212 ὓοιιιίιιιι
916 5173 975 5212 sua
1026 5153 1099 5208 ιιιιίι
1122 5148 1246 5208 iniuntur
1263 5149 1373 5219 effectis
1385 5155 1434 5212 est,
1448 5142 1615 5200 lucidissime
1633 5140 1752 5199 mteudit
1771 5141 1826 5212 qul

174 5255 297 5327 cepitsru
324 5252 411 5326 (Paul.
430 5268 471 5316 ιιι,
491 5251 530 5325 d).
553 5250 612 5308 Nisi
632 5249 704 5306 torte
727 5246 857 5319 quislibet
876 5247 976 5302 audeat
1025 5251 1100 5301 esset
1119 5241 1247 5298 sacerdos
1267 5248 1296 5295 et
1308 5238 1380 5309 quod
1397 5235 1574 5299 sacrificinm,
1588 5230 1758 5305 pmqraihus,
1775 5233 1826 5287 aed

174 5349 269 5405 dicere
281 5347 355 5420 quod
369 5346 479 5418 sanguis
497 5344 610 5411 Christi,
626 5344 671 5416 qui
693 5341 798 5398 eiiusus
818 5346 862 5395 est
881 5338 975 5394 iancea
1026 5332 1236 5406 aquoohlatum
1244 5340 1327 5387 esset.
1341 5329 1468 5385 ditenim
1477 5327 1613 5401 (degan,
1623 5324 1675 5381 loe.
1689 5326 1747 5391 eit,
1757 5340 1823 5396 cap..

175 5438 272 5498 militis
284 5441 313 5497 iu
326 5449 430 5497 terram
453 5437 543 5511 (lona.
556 5450 612 5500 ιιι,
625 5435 681 5510 ιι),
697 5443 785 5491 morte
807 5429 868 5506 [ιζ
881 5429 975 5505 morti]
1026 5427 1086 5500 itt:
1100 5424 1188 5494 «Quia
1201 5438 1266 5495 ergo
1277 5421 1583 5493 tamjustusetsauems
1596 5416 1725 5475 sacerdos
1735 5431 1825 5488 quam

176 5533 358 5591 remansisset
371 5531 449 5604 quasi
462 5531 590 5602 pretium.
606 5527 706 5583 Audiat
723 5527 787 5598 guid
804 5524 901 5582 heatus
917 5521 974 5579 do·
1026 5519 1122 5575 arnicas
1139 5516 1188 5573 iiei
1204 5513 1299 5579 Filius,
1321 5510 1368 5583 qni
1382 5524 1515 5583 unaupns
1526 5507 1642 5566 haheret
1651 5521 1702 5580 per
1713 5507 1822 5565 nutt-

174 5625 303 5697 gnstinus
325 5625 352 5680 in
371 5624 443 5680 iihro
463 5638 491 5679 ιι
513 5620 689 5694 pulcherrimi
709 5620 801 5690 operis
823 5619 857 5674 de
879 5625 975 5672 sauata
1026 5611 1098 5668 oium
1121 5621 1172 5665 sua
1190 5617 1309 5678 purgm
1326 5607 1451 5675 moeata,
1471 5614 1522 5657 nse
1541 5598 1696 5672 nrigimlia,
1715 5612 1769 5656 aare
1782 5612 1819 5654 ea

174 5718 314 5775 umine
339 5715 415 5789 (cap.
432 5698 472 5788 ἰ)
495 5715 604 5773 ennae.
630 5711 701 5768 nior
722 5710 795 5766 enm
821 5717 882 5780 poca
911 5720 976 5763 eos
1026 5703 1145 5760 minsas
1159 5699 1215 5754 oo
1227 5708 1290 5769 qua
1302 5693 1458 5752 ammana
1475 5690 1511 5748 m
1522 5692 1589 5763 pu
1600 5702 1820 5764 naengum-

174 5825 276 5875 gruam
300 5809 334 5866 de
359 5818 446 5866 morte
465 5806 565 5865 Christi
588 5802 818 5874 disputationem:
838 5800 891 5887 siit
905 5814 974 5855 unna
1029 5804 1069 5852 tes
1082 5793 1116 5848 ah
1130 5789 1283 5850 hominihus
1307 5794 1469 5849 sumeretur,
1493 5784 1564 5855 namsi
1586 5798 1635 5854 pro
1649 5786 1688 5839 eis
1705 5780 1819 5838 aden*
