4075 6192
234 261 288 319 rte
659 260 690 314 u.
710 257 741 313 l.
762 254 874 312 ululat
895 253 959 312 SEU
981 252 1119 313 tillutlil
1139 252 1281 310 uusuuu
1299 252 1389 307 utus
1407 251 1439 308 lt.
1631 260 1634 267 ’
1812 256 1866 311 itt

232 390 313 446 quem
330 373 457 429 bomirnu
471 373 502 426 de
513 371 652 442 diretiragr
677 373 831 442 nuptiarum
859 379 1019 441 tempestate
1031 377 1058 438 Δ
1070 374 1161 429 tionis.
1171 371 1352 441 Quapropten
1367 369 1458 425 torsera
1471 374 1715 439 temperamentum
1729 371 1868 440 quoddam

233 466 365 537 uirginem
386 462 501 518 romeu.
526 460 609 531 Cujus
631 461 794 533 uirginitatis
810 463 835 516 in
851 463 903 518 hoc
925 462 1022 534 duplex
1075 464 1244 519 intermeom
1263 462 1447 533 negationem,
1469 460 1811 532 uestramquepetitiouem
1826 463 1870 520 in·

233 555 417 614 testimouium
428 553 455 608 in
470 553 616 625 Evangelio
629 553 719 619 datur,
739 555 811 624 quod
828 563 857 610 et
873 569 930 625 prae
942 562 1024 609 caete-
1074 554 1167 608 rrnire
1180 567 1260 624 posse
1281 552 1379 617 rideo,
1403 567 1437 608 ne
1447 553 1559 609 omnino
1577 551 1620 607 ret
1640 551 1762 609 charitas
1774 562 1870 611 restra

232 647 271 702 ris
284 642 399 699 ddecus
416 643 629 710 aboodicitur3
650 651 678 699 et
689 645 752 699 huie
771 653 886 699 matrem
899 658 976 700 suam
991 644 1025 699 de
1074 644 1259 699 taciturnitate
1284 658 1345 699 mea
1369 651 1527 714 spernatur,
1543 641 1587 699 rel
1603 642 1816 699 temeritasmea
1840 643 1871 701 ia

231 734 430 792 threnocrucis
444 736 653 801 commendarit,
667 735 760 791 dicens
774 735 868 808 [Brun
888 750 1025 792 commen·
1074 745 1172 794 vestrm
1194 736 1334 809 petitionis
1361 735 1492 807 obsequio
1522 734 1743 806 reprehendatur.
1773 733 1870 791 Solent

230 824 304 881 davit
318 822 417 897 beusl,
434 832 464 878 ut
481 824 615 896 virginem
629 825 705 897 virgo
721 832 853 880 servaret.
868 824 919 892 Qui
930 825 1024 895 singu·
1075 844 1191 899 namque
1204 829 1302 885 medici
1313 844 1346 884 ex
1359 827 1504 884 mrrltorum
1515 827 1658 899 speciebus
1665 826 1866 899 pigmentorum

230 911 281 967 lari
299 912 441 984 privilegio
464 915 563 968 meruit
572 915 722 980 castitatis,
737 924 769 969 ut
782 916 888 970 esuris
898 915 1025 969 omnibus
1075 919 1103 973 in
1117 917 1233 975 salutern
1248 918 1385 989 poscentis
1397 917 1532 988 quoddam
1546 917 1737 973 medicamenti
1756 930 1867 989 compo

232 1004 427 1061 miraculorum
446 1003 547 1060 Christi
562 1005 740 1077 scriptoribus
753 1006 835 1062 altius
849 1007 946 1063 dirinae
964 1022 1024 1062 ma·
1076 1024 1140 1065 nere
1154 1025 1257 1081 genus,
1275 1024 1326 1065 uec
1339 1009 1443 1079 seipsos
1458 1007 1536 1063 lateri
1550 1015 1716 1079 praesumunt
1728 1015 1868 1063 crcatmes

226 1094 336 1163 iestatis
345 1097 426 1152 simul
440 1106 550 1167 caperet
559 1112 592 1153 ac
599 1097 764 1168 patefaceret
776 1114 915 1154 arcanum.
931 1097 1025 1171 Neque
1076 1099 1222 1155 herbarum
1235 1098 1279 1154 rel
1292 1098 1406 1154 aliarum
1417 1097 1569 1169 speciemm
1584 1112 1618 1152 ex
1633 1111 1746 1166 quarum
1757 1110 1869 1168 compo-

230 1189 303 1244 coim
318 1187 420 1244 trustra
431 1189 457 1243 in
472 1204 550 1244 coena
565 1189 679 1259 mystica
690 1205 773 1261 supra
787 1197 882 1261 peetus
894 1187 959 1246 lesu
978 1206 1024 1248 re-
1075 1190 1173 1246 sitioue
1197 1190 1272 1246 salus
1297 1188 1412 1246 cilicium
1437 1189 1641 1260 agrotantinm,
1661 1189 1709 1245 sed
1727 1189 1869 1245 munimen

230 1279 356 1336 timuisse
368 1278 544 1348 perhibetur,
564 1278 735 1349 sedperlroc
748 1280 893 1336 verissime
912 1280 1026 1336 docetur
1075 1293 1135 1337 csse
1156 1281 1184 1336 iu
1202 1280 1351 1352 colligendo
1376 1288 1404 1335 et
1429 1280 1456 1334 in
1484 1294 1567 1334 unum
1585 1279 1765 1351 pigmentaria
1783 1294 1867 1335 mauu

228 1369 292 1439 quia
306 1368 425 1424 coelestis
439 1368 567 1423 haustum
581 1368 720 1438 sapientiae
730 1371 836 1425 cacteris
849 1370 1025 1428 excellentius
1075 1369 1241 1426 conficiendo
1252 1385 1351 1441 corpus
1366 1387 1373 1424 ε
1387 1370 1427 1426 sic
1436 1370 1530 1435 etiam,
1543 1370 1565 1424 si
1577 1367 1691 1425 forsitan
1705 1382 1772 1423 mem
1781 1368 1866 1423 dero·

228 1461 263 1516 tle
281 1459 453 1515 sanctissimo
480 1459 601 1531 ejusdem
625 1462 744 1531 pectoris
773 1461 848 1518 iente
878 1463 1022 1534 potaverit.
1076 1462 1157 1518 tionis
1179 1461 1255 1517 labor
1272 1461 1374 1532 aliquid
1387 1468 1485 1517 vestrae
1499 1460 1625 1517 charitati
1639 1458 1866 1530 prosseereralct.

228 1546 306 1604 Unde
321 1556 349 1604 et
369 1548 467 1604 merito
481 1550 507 1604 ln
522 1549 608 1621 ligura
624 1560 742 1621 quatuor
755 1552 913 1607 animalium
928 1553 1025 1625 aquilae
1075 1549 1131 1607 Nee
1144 1551 1309 1621 exquolihet
1321 1560 1441 1622 pateruae
1450 1551 1631 1623 possessionis
1649 1559 1729 1621 prato
1741 1548 1869 1607 mititte

228 1637 331 1694 rolauti
356 1650 549 1711 comparatur;
569 1642 674 1697 cunctis
698 1642 798 1713 qnippe
815 1644 911 1699 aribus
933 1644 1024 1714 aquila
1076 1656 1121 1696 res
1137 1641 1301 1712 colligendos
1313 1656 1374 1697 esse
1386 1657 1494 1708 censeo,
1518 1642 1565 1698 sed
1579 1641 1725 1697 multorum
1739 1641 1864 1708 Patmm,

226 1729 326 1786 celsius
335 1730 437 1798 volare,
453 1733 559 1789 cunctis
571 1734 756 1790 animantibus
777 1734 879 1791 elarius
891 1735 957 1791 solis
976 1752 1023 1791 ra-
1037 1743 1063 1806 Β
1075 1732 1170 1788 humili
1181 1733 1273 1798 eorde,
1284 1747 1368 1803 prona
1379 1734 1499 1798 cervice,
1515 1732 1609 1787 ssorltla
1623 1748 1687 1787 rura
1697 1731 1867 1803 peragranda

226 1821 281 1880 diis
298 1822 411 1897 iungere
426 1826 567 1882 cononem
590 1826 712 1884 obtutus.
734 1827 773 1884 lta
795 1829 892 1884 emtus
904 1828 1024 1886 loannes
1076 1823 1142 1878 mihi
1157 1822 1321 1890 esseillius.
1341 1830 1371 1877 ot
1387 1823 1446 1879 stne
1462 1821 1582 1892 periculo
1594 1821 1711 1877 nominis
1722 1820 1868 1877 meirade

226 1914 370 1971 snhhmius
394 1924 504 1972 sternas
527 1917 680 1975 nativitatis
700 1918 801 1976 Christi
815 1921 944 1991 mysteria
959 1915 1034 1976 conl
1075 1915 1173 1972 faciam
1184 1915 1363 1972 sanctissimae
1380 1914 1511 1970 volontati
1528 1922 1633 1970 restrae.
1649 1913 1794 1984 Primoque
1803 1927 1867 1969 om·

226 2004 325 2075 spexit·
341 2004 396 2061 iste
416 2007 493 2077 prior
508 2005 612 2079 [Petro]
628 2009 815 2066 laborantibus
831 2010 859 2065 in
874 2010 1024 2081 piscatione
1074 2010 1150 2064 nium
1159 2008 1246 2064 sandi
1259 2005 1402 2077 Augustini
1415 2004 1541 2077 sullmgia
1561 2019 1696 2075 quaereus,
1712 2003 1759 2074 qui
1770 2001 1867 2072 maiori

227 2096 377 2167 discipulis,
392 2096 530 2153 Christum
551 2099 578 2154 in
604 2099 696 2156 littore
722 2108 850 2169 stantem,
865 2111 976 2173 reteque
994 2102 1023 2157 in
1073 2100 1164 2158 studio
1182 2099 1262 2170 hujus
1278 2097 1364 2153 saneti
1380 2096 1516 2167 Evangelii
1529 2107 1665 2165 exponere
1676 2094 1752 2153 nisus
1763 2102 1806 2148 est
1823 2107 1867 2147 sa·

227 2185 368 2241 ‹lesteram
388 2188 488 2259 nauigii
513 2189 621 2244 nritterc
640 2189 780 2258 jubentem
794 2193 912 2264 agnovit,
929 2193 1023 2249 diceus
1073 2190 1226 2247 cratissima
1236 2188 1328 2243 rerba.
1343 2187 1444 2242 Deinde
1456 2202 1490 2241 ex
1501 2185 1638 2256 opusculis
1650 2184 1736 2240 saneu
1750 2183 1867 2239 Ambro-

225 2273 327 2333 Petro:
342 2276 471 2332 Dominus
490 2288 539 2333 eat.
552 2278 606 2334 lste
617 2288 660 2336 est
673 2297 744 2337 unus
760 2284 794 2338 de
806 2284 859 2340 illis
876 2284 911 2340 de
923 2285 1022 2355 quihus
1072 2282 1106 2337 sil
1120 2278 1284 2337 sanctissimi
1304 2278 1423 2334 doctoris
1443 2275 1533 2348 aliqua
1558 2276 1688 2341 traheus;
1713 2288 1819 2331 neeron
1833 2290 1866 2329 ex

226 2369 361 2441 Propheta
371 2370 497 2441 predixit
514 2389 521 2425 z
535 2369 600 2427 cota
609 2385 736 2429 enarrent
747 2374 860 2446 gloriam
871 2375 921 2431 Dei
932 2375 1018 2449 (Prot.
1072 2368 1193 2425 homiliis
1206 2366 1334 2440 praecipui
1343 2365 1434 2421 Patris
1442 2365 1564 2436 Gregorii
1578 2380 1663 2436 papsc,
1679 2363 1722 2421 rel
1735 2379 1769 2420 ex
1782 2364 1867 2419 homi·

225 2472 304 2524 tritt,
318 2459 354 2531 l).
373 2459 448 2515 llnde
461 2461 532 2516 illius
546 2462 659 2516 tonitrui
679 2463 714 2517 ah
727 2464 785 2533 ipso
799 2465 913 2520 Domino
926 2466 1020 2537 appel·
1071 2464 1117 2520 liis
1136 2463 1209 2519 beati
1231 2462 1312 2519 Bedae
1324 2460 1475 2533 presbyteri
1488 2500 1496 2528 ,
1519 2459 1603 2516 multa
1620 2472 1777 2524 assumens,
1800 2456 1866 2512 alio·

225 2551 317 2616 latur,
332 2550 396 2621 quia
426 2551 479 2607 hoe
497 2553 621 2609 mirabile
633 2561 661 2608 et
676 2555 802 2610 omnihus
814 2555 923 2612 seculis
937 2556 1022 2630 m
1071 2570 1188 2626 rumque
1210 2562 1366 2610 sanctorum
1389 2553 1523 2619 Petrum,
1545 2553 1616 2608 sicot
1642 2550 1763 2606 invenire
1778 2550 1864 2621 potui,

225 2642 395 2708 inauditum,
410 2659 443 2699 er
468 2644 572 2700 eoelesti
586 2644 710 2702 claritate
725 2647 842 2702 intonuit
857 2649 1019 2719 prooemiun
1071 2645 1308 2717 interpretationes
1327 2645 1427 2715 posui:
1452 2645 1538 2716 magis
1558 2645 1655 2699 horum
1669 2642 1789 2698 omnium
1804 2657 1865 2698 scu·

224 2733 344 2788 iliceos:
367 2732 402 2788 Iu
418 2735 546 2806 prinmpio
568 2746 625 2791 erut
643 2734 773 2804 Verium,
793 2748 818 2793 et
836 2737 950 2794 Verbum
962 2749 1020 2794 erut
1075 2738 1152 2794 sibus
1164 2753 1196 2792 ae
1209 2737 1301 2792 verbis
1314 2745 1411 2802 uictis,
1435 2752 1516 2807 quam
1537 2750 1605 2792 tuem
1628 2736 1774 2806 quidquam
1798 2749 1865 2805 prm-

223 2823 296 2894 opud
310 2824 406 2891 Dum,
419 2834 443 2879 et
457 2825 529 2880 Desa
543 2835 599 2881 erut
621 2825 732 2882 l'erhum
747 2828 839 2901 (donn.
858 2846 886 2894 r,
903 2830 940 2902 l).
954 2829 1020 2899 Qum
1071 2826 1218 2901 sumptioni
1230 2827 1414 2893 committens,
1442 2826 1525 2881 veluti
1550 2826 1696 2894 legentium
1721 2824 1864 2881 comestas

224 2915 308 2970 rerba
327 2929 435 2986 semper
454 2924 519 2971 sunt
530 2931 598 2986 pura
613 2916 666 2972 liele
679 2921 832 2976 ueneranda
844 2935 877 2976 ac
888 2928 1018 2991 perpetua
1071 2917 1151 2976 iacile
1164 2918 1282 2990 probare
1296 2917 1397 2988 poterit
1418 2935 1424 2969 :
1446 2915 1603 2972 cautissime
1622 2915 1703 2986 plane
1714 2914 1785 2987 stylo
1797 2930 1865 2986 prm

223 3004 354 3077 religione
365 3004 487 3068 colenda,
501 3020 554 3059 non
569 3006 694 3063 humanm
705 3010 868 3081 conjecturas
878 3010 1018 3065 ratiuncu·
1071 3009 1180 3073 uidens,
1201 3008 1290 3063 diviua
1302 3007 1451 3078 opitulante
1464 3005 1561 3077 gratia,
1577 3005 1685 3074 nequid
1697 3004 1862 3063 contrarium

225 3095 259 3151 lis
277 3097 392 3152 nimium
410 3095 594 3162 discutienda,
609 3114 669 3170 quas
688 3101 716 3156 in
740 3102 877 3173 plerisque
903 3100 1016 3167 fallitur,
1031 3090 1055 3154 C
1070 3107 1226 3154 sauctorum
1239 3096 1349 3152 Petrum
1362 3096 1486 3153 sensibus
1496 3110 1635 3168 ponerem.
1647 3095 1730 3168 lgitur
1742 3103 1771 3150 et
1783 3108 1864 3150 omne

222 3187 287 3244 mm
302 3200 332 3241 se
343 3194 421 3257 putat
445 3202 593 3259 agnoscere
606 3208 667 3262 quae
690 3192 801 3248 trutanni
822 3210 920 3250 sensus
938 3209 1018 3251 exce
1068 3206 1136 3262 opus
1150 3190 1298 3246 secuudum
1313 3189 1432 3260 capitula
1446 3188 1567 3259 ejusdem
1582 3186 1715 3257 Evangelii
1731 3184 1862 3251 distinxi,

225 3277 293 3332 dunt
306 3275 515 3346 indagationem.
537 3280 639 3336 Tamen
652 3282 782 3351 quidquid
795 3284 857 3337 inde
871 3285 915 3355 pia
928 3284 1018 3340 citari·
1069 3296 1102 3336 an
1117 3282 1167 3337 sub
1181 3295 1294 3335 numero
1317 3288 1420 3350 septem
1448 3278 1578 3334 librorum
1593 3275 1783 3334 consummari.
1808 3275 1864 3346 Op

225 3377 268 3425 tas
281 3377 310 3423 et
325 3368 435 3425 humilis
445 3370 585 3440 inquisitio
599 3371 749 3443 intelligere
763 3375 868 3443 potuit,
888 3375 915 3428 in
926 3389 1018 3430 sacra-
1070 3380 1193 3435 tansms,
1206 3369 1371 3441 septiformis
1379 3368 1497 3438 Spiritus
1507 3364 1594 3438 gratia
1600 3366 1863 3437 inspirantcpectora

226 3458 339 3515 tissimis
360 3469 517 3517 sauctorum
537 3460 648 3517 Patrem
670 3462 789 3532 seriptis,
816 3462 879 3518 licet
891 3464 1018 3535 sparsim,
1070 3469 1160 3516 restra
1173 3500 1181 3525 ,
1195 3459 1279 3516 variis
1293 3459 1320 3512 ln
1333 3457 1456 3514 Ecclesia
1469 3456 1570 3512 Christi
1586 3455 1683 3511 llorere
1695 3454 1811 3520 delictis,
1833 3463 1863 3509 et

225 3552 297 3607 dieta
311 3552 486 3609 inveniuntur
510 3568 517 3608 :
545 3554 616 3609 sicut
639 3555 765 3610 etiamst
782 3555 809 3609 in
824 3562 881 3610 toto
897 3553 1017 3624 ejusdcm
1072 3552 1211 3607 ambulare
1230 3550 1351 3622 quotidie
1364 3564 1426 3605 oum
1441 3548 1542 3605 sanetis
1567 3548 1600 3603 de
1614 3547 1714 3602 rirtrue
1729 3547 1756 3602 in
1778 3545 1862 3600 rirtu-

224 3640 363 3715 Evangelli
375 3653 461 3711 textu,
484 3644 600 3716 plurima
614 3662 629 3701 a
643 3646 784 3703 catholicis
809 3648 967 3707 doctoribus
981 3650 1018 3706 le·
1072 3655 1137 3713 tem,
1149 3646 1235 3702 donec
1246 3644 1368 3700 rideatur
1383 3644 1454 3699 Deus
1465 3642 1577 3698 deorum
1597 3642 1623 3695 in
1647 3639 1724 3705 Sion,
1745 3639 1790 3694 ubi
1803 3653 1862 3710 pcr-

224 3741 324 3804 guntur
334 3737 469 3804 suposita,
483 3751 532 3805 pro
543 3738 744 3807 opportunitate
756 3738 807 3794 loci
822 3739 863 3796 rol
877 3742 1017 3811 temporis,
1070 3748 1152 3811 petua
1166 3738 1309 3794 dulcedine
1335 3737 1407 3792 inter
1432 3737 1530 3791 choros
1554 3734 1704 3790 cmlestium
1726 3733 1861 3805 agminum

223 3821 266 3877 rel
281 3823 485 3881 continuatione
499 3828 657 3884 orthodoxae
674 3828 756 3895 tidei,
783 3845 899 3886 necnon
922 3843 1017 3888 eontra
1070 3831 1179 3897 dicatis,
1194 3829 1270 3885 Bruti
1282 3830 1327 3901 qui
1350 3828 1467 3884 trahitant
1485 3829 1514 3883 in
1529 3827 1606 3883 domo
1627 3835 1684 3892 teo,
1700 3824 1821 3889 Domine,
1834 3825 1862 3878 in

224 3911 368 3969 hmrcticas
380 3916 544 3986 pravitates,
556 3917 582 3972 in
593 3917 749 3976 detonsione
762 3921 917 3990 apostolicas
932 3924 1017 3978 tradi·
1071 3922 1196 3977 secretum
1215 3919 1305 3975 auruli
1321 3919 1467 3975 laudabunt
1485 3929 1518 3974 te.
1538 3919 1631 3975 Arnen

366 4164 446 4238 ⁶⁶⁷
472 4182 959 4260 conunurlutonuu
989 4185 1043 4262 ru
1072 4185 1312 4267 tolltllbtll
1341 4190 1491 4266 ntuuu
1521 4192 1724 4271 uulnus,

905 4353 1174 4376 m—

481 4454 595 4513 CAPUT
614 4456 757 4514 uulttult.
1033 4457 1226 4520 Dunimalium
1250 4460 1348 4530 aquilm
1378 4460 1478 4517 volanti
1505 4473 1679 4535 comparatur
1694 4466 1803 4538 (Eucti.
1827 4466 1863 4535 r).

225 4564 258 4625 In
268 4569 396 4638 principio
412 4578 468 4622 ertit
488 4565 599 4623 vertum
613 4570 684 4638 opud
694 4569 930 4641 Derrnr,perqrrem
945 4569 1017 4640 {nelo
1068 4545 1179 4603 Guneus
1191 4548 1290 4619 qnippe
1303 4549 1398 4607 ”ibus
1416 4553 1506 4623 “quil‘'
1520 4555 1618 4611 ⁰0¹⁸i¹¹⁵
1636 4557 1736 4623 ”⁰¹³f02
1756 4563 1860 4616 ⁰⁰⁰⁰¹5⁵

259 4637 556 4720 armamentarium
569 4640 663 4694 missua
676 4649 714 4694 est
727 4650 787 4695 unte
805 4641 934 4711 cumquei
950 4641 1017 4694 reci·
1069 4639 1251 4697 animantibus
1274 4642 1375 4698 elarius
1391 4644 1456 4700 solis
1482 4647 1565 4703 radiis
1588 4647 1699 4721 indgere
1721 4654 1860 4708 consuerit

260 4708 360 4780 ΜΨ
370 4724 397 4763 ⁸0
407 4707 471 4781 {⁰⁶¹¹
485 4705 554 4776 l5¹²⁰⁸
566 4708 615 4764 Μ
631 4726 679 4779 tm
690 4711 813 4779 pretium.
1069 4732 1190 4787 obtutus.
1206 4731 1241 4788 Et
1252 4733 1343 4789 caeteri
1355 4736 1527 4807 evangeliste
1538 4739 1616 4809 quasi
1629 4740 1657 4796 in
1677 4749 1749 4796 terra
1765 4742 1858 4798 ambu-

261 4820 343 4876 Vsus.
363 4822 435 4875 t.-
457 4820 490 4875 ln
508 4822 638 4893 principio
651 4832 707 4877 ernt
726 4821 848 4888 l'erinm,
862 4832 887 4877 et
909 4821 1017 4877 i'orinm
1071 4821 1127 4878 lant
1140 4838 1202 4878 eum
1216 4823 1341 4890 Domino,
1353 4826 1416 4895 qui,
1435 4829 1609 4898 temporalem
1623 4828 1682 4900 ejus
1710 4834 1861 4903 generatio-

223 4919 280 4965 crut
297 4911 368 4981 epod
384 4909 485 4975 Decor,
512 4921 536 4964 et
563 4911 633 4966 Deua
660 4922 716 4967 ernt
736 4911 884 4967 l'erhumr.
903 4931 911 4963 r
927 4911 1019 4983 licque
1070 4929 1132 4967 nem
1148 4914 1251 4984 pariter
1277 4927 1304 4970 et
1320 4917 1478 4987 temporalia
1497 4916 1570 4975 iacta
1594 4920 1762 4978 suillclcnter
1777 4939 1853 4994 erpo·

223 4998 295 5054 enim
313 4999 414 5056 trustra
429 5002 524 5056 heatus
534 4998 651 5057 limones
663 5042 670 5067 ,
684 5002 798 5057 dilectus
811 5001 917 5057 bomiri
934 5002 1016 5059 disci·
1072 5012 1269 5074 uelites,pauca
1281 5005 1314 5060 de
1326 5004 1468 5062 divinitate
1479 5007 1614 5063 dixerunt.
1625 5008 1772 5066 llleautem
1785 5012 1860 5081 quusi

223 5090 313 5160 polus,
327 5092 355 5147 in
370 5106 448 5149 cerua
463 5106 544 5161 supra
557 5100 653 5162 peetm
675 5091 739 5149 lesu
752 5094 909 5150 recubuisse
928 5094 1017 5164 pertri-
1071 5094 1216 5150 ademtam
1229 5095 1374 5151 rolatomu
1390 5097 1513 5165 Domino,
1532 5099 1588 5169 qui,
1602 5114 1735 5170 perpauca
1750 5103 1783 5157 de
1795 5110 1860 5155 tem·

224 5181 313 5239 bctur.
334 5184 450 5255 Sedper
472 5185 523 5240 unc
551 5186 641 5258 typice
654 5187 784 5251 docetur,
810 5186 874 5257 quia
898 5186 1017 5244 coebslis
1071 5188 1276 5259 poralihuseius
1299 5190 1368 5245 actis
1380 5189 1543 5257 edisserens,
1557 5199 1687 5247 aeternam
1711 5192 1860 5250 divinitatis

226 5270 351 5332 haustum
365 5276 504 5346 mptsnua
526 5278 633 5334 esteris
655 5278 790 5335 excelsius
805 5277 899 5351 [licata
924 5279 1015 5335 excel·
1070 5280 1128 5349 ejrrs
1149 5282 1314 5352 potentiam,
1339 5296 1389 5351 per
1402 5297 1481 5351 quem
1494 5281 1570 5355 ltin,
1584 5280 1859 5355 qnamlomnialaeta

224 5362 334 5436 lentius]
347 5366 690 5440 &saumimlmooiusdem
713 5373 832 5442 pectoris
852 5371 925 5428 iente
936 5381 1015 5442 pota·
1071 5381 1144 5437 sunt,
1155 5371 1297 5427 sublimius
1319 5375 1536 5431 menterolando
1557 5384 1585 5431 et
1609 5375 1745 5446 limpidius
1767 5392 1862 5447 specu-

224 5454 303 5510 reru.
320 5456 396 5514 unte
411 5474 446 5515 ex
468 5459 545 5534 [isto
571 5461 610 5533 et]
629 5464 725 5518 merite
744 5463 771 5517 in
794 5463 877 5535 llgura
903 5472 1019 5534 quatuor
1071 5466 1150 5521 lando
1164 5464 1310 5535 cognorit,
1334 5480 1367 5523 ac
1380 5467 1459 5523 nohis
1483 5469 1698 5539 cognoscendam
1719 5467 1860 5525 scribendo

262 5584 327 5639 ·lt1
353 5586 463 5666 bomilia
489 5592 557 5645 ch.
578 5592 657 5647 Betim
682 5595 707 5648 in
733 5594 821 5648 Natali
850 5596 966 5652 Domini.
983 5625 1017 5634 -
1070 5604 1098 5650 ct
1111 5594 1247 5665 Gregorii,
1260 5595 1323 5653 dom
1335 5601 1465 5671 incipiunt
1478 5609 1506 5655 et
1516 5601 1655 5665 liniuntur,
1669 5601 1760 5657 notari
1772 5600 1800 5656 in
1811 5599 1859 5654 lior

224 5654 311 5713 liert.
329 5652 404 5706 uren
418 5656 475 5709 len
509 5659 597 5722 Eadm,
622 5661 849 5715 similitcrctSS.
874 5664 1015 5732 Augustini
1069 5667 1306 5737 upcreltocsigno
1323 5688 1363 5722 rr.
