4075 6192
171 360 225 424 853
576 360 779 424 exscertus.
800 397 836 408 —
852 360 1027 422 commui.
1046 364 1081 420 ΙΝ
1097 364 1192 424 tutu.
1211 398 1247 410 -
1264 368 1328 424 tta.
1348 366 1391 426 lt.
1742 370 1799 431 stt

172 491 257 540 tores.
278 478 386 535 Sciebat
407 486 494 534 autem
515 478 688 547 Nicodamus,
701 481 744 538 rel
759 482 849 553 petius
866 481 960 537 erede·
973 476 998 539 Α
1009 476 1178 549 decerneret,
1186 484 1339 541 deriderent
1349 474 1423 551 eum,
1434 488 1510 556 quasi
1519 488 1796 561 misericordluqtram
1815 458 1821 471 .

171 578 231 642 bat,
244 575 307 648 quia
325 574 348 631 si
371 571 557 628 tantummodo
568 588 629 628 eura
645 574 779 646 patienter
791 574 891 631 vellent
911 591 960 630 au·
1011 585 1118 641 semper
1131 573 1243 629 docebat
1260 574 1384 643 oblitum;
1398 577 1421 632 si
1434 577 1547 647 lapidari
1567 586 1684 646 vetaret,
1698 582 1798 638 uude

172 666 245 733 dire,
264 663 333 719 iorte
350 663 452 718 similes
466 662 561 718 llercnt
574 663 685 734 illisqui
698 664 775 721 missi
790 672 854 720 sunt
869 673 961 720 tencre
1011 672 1073 717 rent
1087 664 1211 720 dentibus
1224 666 1281 722 suis
1297 665 1324 720 in
1338 681 1409 732 eunt,
1428 676 1456 723 et
1468 670 1543 738 quasi
1563 670 1697 728 fautorem
1714 672 1797 729 socie·

171 762 288 819 cumei
310 753 463 808 maluerunt
480 751 591 810 credere
604 752 642 809 illi
658 769 738 823 quam
763 761 854 809 tenere
875 753 959 809 illurn,
1011 766 1072 805 rum
1091 752 1209 823 legisque
1224 754 1406 822 contrarium,
1424 758 1498 813 uelut
1512 761 1609 817 rnerito
1628 762 1796 818 damnarent.

173 844 382 917 Responderunt
393 858 427 899 ex
440 841 595 914 praejudicio
604 844 694 901 cordis
704 845 756 910 sul,
768 844 839 914 qaod
852 852 880 900 et
892 845 959 900 illis:
1011 839 1104 912 (iras.
1117 840 1157 914 6.)
1179 842 1258 898 lesus
1276 854 1364 899 autern
1381 845 1510 904 inclinans
1522 867 1550 905 se
1569 850 1701 919 deorsum,
1714 851 1795 924 diple

172 937 270 1008 (Vsus.
283 934 340 1007 δί.)
356 934 483 1005 Nuuqsid
500 944 524 989 et
537 943 566 989 ta
581 931 708 990 Gaiiloerts
717 935 765 991 est
775 935 804 991 ld
818 943 870 1001 est,
884 936 961 1005 quasi
1011 930 1137 986 stridebat
1150 932 1180 985 in
1193 940 1273 987 terra.
1293 933 1347 989 Per
1360 934 1560 994 inclinationem
1573 938 1636 995 lesu
1648 940 1796 1007 humilitas,

172 1026 311 1083 aGalilaea
322 1026 459 1081 seductus.
470 1025 599 1081 Dominus
608 1023 686 1098 ξω
701 1024 774 1081 enim
782 1024 908 1082 Galilaeus
921 1025 962 1080 di·
1010 1033 1061 1092 per
1080 1020 1204 1092 digitum,
1217 1021 1263 1090 qul
1278 1021 1452 1079 articulorum
1466 1028 1659 1098 compositione
1672 1029 1798 1087 flexibilis

172 1118 297 1184 uebatur,
310 1118 437 1187 quoniam
449 1117 483 1172 de
494 1115 627 1173 Nazareth
644 1116 754 1173 civium
766 1126 845 1174 erant
866 1132 962 1187 paren.
1011 1116 1063 1177 est,
1075 1111 1210 1168 subtilitas
1221 1111 1392 1170 discretionis
1404 1117 1577 1186 exprimitur;
1590 1134 1672 1189 porro
1682 1135 1733 1190 per
1743 1127 1798 1176 ter·

174 1216 218 1264 m
238 1208 306 1278 ejus,
322 1206 603 1264 secundoprimum
621 1204 678 1262 dixi
699 1214 836 1278 parentes,
849 1222 902 1261 non
919 1221 962 1262 se·
1011 1214 1079 1266 ratu,
1095 1216 1143 1256 eur
1155 1201 1312 1269 humanum,
1325 1204 1398 1274 quum
1412 1205 1454 1260 rel
1467 1206 1598 1262 bonarum
1612 1207 1654 1262 rel
1665 1208 1797 1264 malarum

172 1300 292 1356 eundum
307 1298 385 1354 virile
406 1311 497 1354 senten
511 1317 517 1350 :
534 1311 588 1353 uon
607 1297 681 1352 caim
695 1296 818 1367 quesivit
839 1297 867 1352 in
888 1304 960 1351 terra
1011 1290 1147 1345 actionum
1161 1290 1229 1348 salet
1243 1291 1356 1348 reddere
1376 1292 1491 1360 fruetus,
1503 1294 1663 1350 ostenditur.
1677 1294 1799 1352 Postula·

173 1388 227 1444 nisi
241 1396 367 1452 matrem,
384 1388 429 1458 qui
440 1387 498 1458 jam
510 1386 628 1443 babebat
637 1387 753 1458 desuper
763 1385 883 1442 Patrem.
894 1384 961 1441 Nam
1011 1388 1055 1434 tus
1068 1393 1133 1452 erga
1146 1382 1277 1440 Dominus
1286 1382 1408 1453 judicare
1419 1383 1453 1439 de
1464 1384 1623 1454 peceatrice,
1638 1399 1691 1440 uon
1705 1382 1801 1441 statius

174 1482 290 1547 utraque
300 1475 358 1547 ejus
371 1477 498 1547 uatimtas
510 1474 642 1530 mirabilis
654 1475 719 1540 luit;
736 1475 826 1531 divina
837 1474 895 1531 siue
906 1490 963 1529 ma·
1011 1469 1057 1525 dat
1067 1470 1208 1541 judicium,
1222 1473 1269 1529 sed
1282 1474 1359 1545 prius
1371 1488 1400 1529 se
1413 1471 1546 1529 inclinans
1564 1475 1699 1542 deorsam,
1713 1474 1798 1546 digito

175 1576 227 1631 tre,
245 1566 362 1621 humana
377 1567 436 1621 sine
450 1565 530 1629 Patre
542 1565 660 1621 homine.
674 1563 742 1631 Quid
756 1578 821 1633 erqo
834 1562 872 1618 illi
885 1565 961 1633 quasi
1011 1560 1106 1617 scribit
1120 1560 1148 1615 iu
1163 1569 1246 1629 terra,
1260 1577 1291 1619 se
1305 1564 1346 1619 sic
1359 1563 1467 1618 demum
1486 1563 1557 1634 quod
1571 1564 1669 1620 obnixe
1686 1572 1799 1637 rogatur

176 1656 243 1725 legis
255 1656 379 1712 doctores
391 1656 426 1710 ad
439 1655 632 1711 Nicodemuml
654 1653 746 1726 (Vsus.
761 1653 817 1725 53.)
838 1651 962 1709 Scrutare
1012 1651 1094 1724 [lis.,
1109 1666 1190 1724 quam
1210 1654 1288 1709 enixe
1305 1652 1441 1727 rogatum,
1462 1654 1566 1726 iudicat
1583 1670 1590 1708 ε
1606 1667 1655 1710 nos
1674 1654 1800 1712 uidelicet

176 1747 336 1816 Scripturas,
347 1754 372 1799 et
389 1745 447 1800 ride
462 1745 524 1818 qrriu
537 1744 661 1815 propbeta
675 1761 692 1798 a
706 1742 816 1799 Galilaa
834 1762 887 1799 uas
900 1760 961 1799 sur·
1014 1743 1101 1815 typice
1121 1742 1264 1800 instituens
1278 1743 1355 1817 [lis.‚
1367 1741 1532 1816 instruens]‚
1554 1751 1584 1798 ut
1598 1758 1658 1799 euru
1673 1744 1800 1814 quelibet

174 1845 228 1906 pet.
247 1835 301 1893 Sed
320 1836 448 1891 Dominus
468 1836 659 1905 prophetarum
680 1834 742 1889 inde
765 1835 892 1889 surrexit.
911 1832 962 1888 lie-
978 1831 1196 1903 Bprorimorrnn
1210 1841 1300 1888 errata
1314 1830 1505 1901 conspicimus,
1525 1845 1578 1886 non
1592 1830 1652 1886 haec
1665 1839 1743 1886 antea
1756 1845 1800 1886 re·

176 1930 326 1993 seruiium,
338 1925 613 1997 inquiterangclista,
627 1927 802 1998 unusquisque
815 1927 842 1979 ia
855 1925 960 1980 demunt
1010 1924 1200 1993 prehendenda
1219 1922 1382 1995 iudicemus,
1394 1937 1474 1992 quam
1489 1923 1523 1978 ad
1536 1923 1730 1978 conscientiam
1748 1938 1799 1978 no·

175 2032 285 2071 suam·
1011 2024 1094 2070 strant
1110 2013 1246 2071 humiliter
1265 2017 1374 2081 reuersi,
1396 2016 1479 2086 digito
1493 2030 1553 2072 earu
1568 2015 1740 2073 discretionis
1752 2031 1797 2073 so·

465 2123 579 2180 Cpppp
598 2124 668 2180 χιχ,
1010 2107 1095 2160 lerter
1105 2106 1279 2176 exculpamus
1292 2104 1368 2178 llis,
1381 2103 1596 2177 exsculpamos13
1610 2105 1713 2175 etquid
1726 2106 1754 2160 in
1766 2120 1797 2162 ea

178 2232 314 2290 lindissem
331 2235 358 2288 in
372 2235 501 2289 adstiteris
515 2233 710 2303 deprehensam,
726 2234 916 2306 adductumque
928 2234 962 2289 ad
1010 2196 1144 2252 ⁰⁰⁰di²⁰ri
1159 2195 1271 2266 maman
1283 2194 1380 2266 ‘mmm
1392 2194 1542 2263 dispumat*
1554 2194 1646 2250 “mh
1661 2195 1800 2249 mmm

211 2321 248 2368 se,
269 2320 314 2358 tres
334 2305 366 2358 ab
390 2305 585 2360 accusatoribus
608 2304 819 2367 condemnatum,
841 2305 852 2356 i
869 2318 896 2357 se
914 2303 961 2358 sui
1011 2286 1084 2341 ‘1⁰¹¹ss
1097 2284 1265 2349 dirimimus,
1276 2284 1354 2354 l¹¹lla
1377 2283 1441 2338 Μ
1454 2281 1593 2352 ΑΡθθῑθΙῙῑ
1609 2281 1728 2350 ''⁹²⁰le
1740 2284 1800 2338 Μ’

141 2406 146 2417 ι
211 2373 436 2445 conditioneque
449 2372 559 2428 ulterius
572 2390 623 2429 nou
635 2382 766 2444 peccaret,
781 2321 900 2427 abrodit.
1010 2382 1207 2444 preoccupatus
1226 2371 1307 2442 fuerit
1328 2374 1445 2427 lromoin
1464 2370 1552 2444 aliquo
1571 2371 1676 2437 delicto,
1696 2372 1800 2444 aesqu

211 2483 302 2540 cppup
321 2498 387 2549 vm,
401 2482 482 2539 vm,
497 2483 524 2547 q,
537 2484 564 2537 2,
575 2513 611 2524 ..
622 2483 689 2538 me
708 2482 785 2540 Jews
804 2483 916 2552 penem
934 2483 963 2536 ᾗ),
1011 2461 1141 2533 spiritales
1152 2464 1224 2529 estis,
1236 2463 1357 2516 instruite
1369 2461 1520 2531 hujusmodi
1533 2463 1561 2516 t'tr
1573 2463 1667 2533 spiritu
1680 2479 1802 2519 mamus·

136 2622 139 2627 .
176 2582 289 2629 mamem
302 2569 407 2638 oliveti,
420 2582 444 2626 et
457 2570 573 2626 dilaculo
588 2573 680 2627 iterum
699 2571 767 2625 uenit
785 2571 814 2624 ia
828 2567 960 2640 tempium.
1012 2551 1122 2616 'illisit
1136 2549 1304 2605 ‘willelm
1319 2551 1444 2619 lilinum·
1467 2565 1498 2603 '⁸⁶
1512 2559 1536 2603 θ’
1556 2559 1584 2603 ‘l‘
1603 2552 1709 2606 ‘inlisi’
1726 2549 1799 2624 (Gil-

180 2683 190 2715 t
204 2674 218 2702 ¹
229 2662 306 2717 lions
317 2660 414 2731 quippe
432 2659 528 2716 Olireti
541 2661 733 2717 sublimitatem
747 2658 894 2715 Dominieae
907 2659 963 2727 pie-
1011 2656 1055 2707 ll,
1070 2640 1107 2714 l).

178 2751 242 2807 tatis
256 2757 284 2806 et
302 2749 492 2804 misericordiae
511 2748 642 2818 designat.
661 2747 728 2815 Quia
741 2755 769 2803 et
789 2747 882 2802 Graece
892 2746 963 2807 mse
1049 2733 1129 2789 VERS-
1145 2732 1171 2786 7·
1182 2761 1219 2774 -
1232 2731 1297 2787 Cim
1309 2739 1396 2787 aulem
1407 2740 1599 2804 perseverarem
1611 2730 1799 2801 immodum

178 2840 373 2905 misericordia,
386 2838 512 2894 olivetum
526 2846 638 2894 noeatur
648 2840 750 2903 dudm
761 2845 789 2893 et
803 2838 861 2908 ipsa
871 2836 963 2892 unctio
1011 2842 1081 2892 eim,
1101 2825 1182 2880 erexit
1196 2842 1223 2881 ss
1238 2832 1263 2879 et
1277 2824 1344 2877 diali
1361 2825 1399 2879 eis
1415 2837 1424 2874 .·
1438 2822 1490 2889 Qui
1505 2823 1561 2876 sine
1573 2828 1678 2891 peceato
1698 2827 1738 2873 est
1754 2834 1800 2873 oe·

176 2931 229 2986 olei
245 2929 324 2990 lessis
335 2944 368 2984 ae
389 2927 540 2983 dolentibus
552 2928 682 2984 membris
696 2928 764 2984 solet
777 2926 873 2982 alierre
891 2926 962 2981 iera·
1012 2924 1104 2979 tirum,
1119 2916 1220 2987 primis
1240 2915 1268 2969 in
1281 2913 1355 2969 illam
1374 2911 1488 2984 davidem
1500 2912 1596 2966 mittut.
1609 2908 1678 2976 0⁰¹²
1698 2905 1761 2962 illle
1772 2914 1801 2962 tl

178 3037 249 3077 tren.
263 3020 356 3077 Sedet
368 3021 421 3075 boe
435 3021 506 3090 qnod
526 3020 614 3077 oleum
633 3029 661 3076 et
676 3021 776 3076 virtute
792 3035 825 3076 ae
844 3020 963 3089 puritate
1013 3007 1075 3062 inde
1089 3006 1202 3061 D⁰ml¹¹⁰
1224 3004 1327 3061 Scribae
1340 3012 1368 3059 01
1388 3002 1515 3058 Philisti
1531 3000 1674 3057 ‘wilelmi‘
1687 2999 1800 3070 lilim

176 3113 342 3184 praeeminet,
354 3120 382 3167 el
394 3126 580 3182 quemcunque
589 3113 615 3167 ei
627 3112 759 3182 liquorem
769 3110 963 3180 superfundere
1013 3098 1182 3164 insidiarum,
1196 3102 1322 3167 putantes
1335 3110 1397 3151 elim
1412 3094 1453 3149 iel
1468 3091 1705 3149 immisericordem
1727 3090 1801 3168 luitt-

178 3202 304 3268 rclueris‚
321 3200 461 3256 conlestirn
479 3202 550 3256 ltune
565 3201 764 3266 transceudere,
777 3201 856 3269 eique
867 3214 961 3271 super·
974 3178 999 3243 (ἶ
1014 3204 1075 3244 rum
1089 3190 1115 3243 in
1130 3186 1286 3260 iudicium,
1300 3186 1342 3241 vel
1358 3184 1485 3256 inmitium
1499 3202 1506 3237 ²
1521 3182 1671 3254 indidem
1684 3180 1729 3237 ¹¹¹⁶
1750 3181 1799 3239 ἅθ’

177 3292 242 3350 ierri
257 3292 407 3359 consuerit,
421 3294 535 3363 gratiam
558 3291 750 3347 misericordia
769 3291 886 3347 eoelcstis
908 3306 961 3347 non
1012 3284 1064 3351 los,
1076 3286 1151 3357 quasi
1163 3282 1243 3357 ξω
1254 3281 1297 3336 tila
1312 3282 1409 3338 transit
1420 3295 1535 3345 aranea,
1547 3285 1575 3335 et
1584 3277 1714 3347 iudicium
1723 3275 1802 3349 losti-

177 3384 396 3440 ineonrenienter
411 3383 539 3446 insinuat,
559 3383 592 3437 de
606 3396 659 3451 qua
672 3383 802 3452 scriptum
815 3389 857 3437 est
868 3395 876 3435 t
892 3381 960 3437 Ssu-
1013 3383 1059 3434 tite
1073 3393 1121 3449 per
1133 3378 1222 3433 omnia
1234 3385 1262 3432 et
1275 3375 1505 3431 mansuetudinem
1520 3373 1628 3444 pietatis
1644 3371 1798 3428 ostendens

177 3475 216 3529 eia
229 3472 356 3527 Dominus
369 3472 505 3536 uniuersis,
517 3479 541 3524 et
555 3470 733 3526 miserationes
746 3472 803 3541 ejus
815 3486 895 3541 super
907 3486 962 3525 ant·
1013 3469 1084 3526 Ecce
1095 3467 1273 3539 temperantia
1289 3465 1450 3529 miserandi,
1468 3463 1513 3535 qui
1526 3464 1581 3517 sine
1593 3469 1697 3532 motata
1710 3467 1747 3512 est
1759 3474 1801 3513 se·

177 3564 222 3617 ’¹¹'ss
237 3578 314 3631 ΟΡΜ
324 3558 504 3631 elli-(Pisslib
516 3574 605 3625 cmi,
616 3560 655 3631 9).
671 3559 787 3629 Tempus
800 3573 908 3630 quoque
922 3559 962 3614 di·
1012 3570 1112 3627 strum,·
1124 3573 1188 3616 ecce
1199 3560 1296 3614 iterum
1305 3556 1409 3626 lustitia
1417 3553 1567 3622 judicandi,
1579 3551 1678 3620 primus
1690 3545 1799 3602 inillam

178 3650 259 3707 luculi
270 3660 391 3706 exortum
403 3648 521 3718 ejusdem
536 3649 629 3721 gratia
639 3647 705 3721 μὴ,
717 3648 835 3719 ejusdem
847 3650 961 3720 gratiam
1013 3650 1127 3723 lapidem
1141 3650 1238 3703 mittat.
1256 3645 1297 3701 lle
1311 3646 1335 3699 si
1356 3643 1486 3698 dixisset:
1501 3639 1530 3693 Si
1544 3639 1649 3709 lioyses
1663 3634 1801 3692 mandarit

178 3742 322 3814 exorturi
338 3757 390 3812 qua
412 3750 516 3797 remota
541 3740 608 3813 legis
621 3740 727 3805 umbra,
740 3739 786 3794 lux
801 3739 962 3810 evangeliea
1012 3741 1090 3795 robis
1107 3738 1246 3793 mulierem
1258 3731 1410 3801 huiusmodi
1423 3729 1552 3800 lapidare,
1568 3726 1657 3784 videte
1669 3727 1733 3799 qula
1746 3741 1799 3782 nun
1830 3738 1832 3741 ·

161 3818 300 3890 ¹ueritatis
322 3841 383 3890 erat
405 3832 557 3896 revelanda,
579 3832 755 3886 demonstrat.
779 3828 871 3898 Pergit
897 3842 962 3895 erga
1013 3830 1065 3883 boe
1085 3832 1248 3897 peccatores,
1269 3822 1317 3877 sed
1335 3821 1423 3890 justos
1441 3819 1531 3876 lacere
1552 3819 1688 3892 praeeepit.
1708 3817 1799 3875 Prlute

177 3925 255 3981 lesus
271 3924 299 3979 in
313 3930 432 3979 montem
452 3920 560 3984 oliveti,
580 3928 610 3973 ut
626 3934 715 3975 areem
730 3916 962 3972 misericorditem
1012 3931 1062 3971 ros
1073 3915 1123 3984 ipsi
1134 3913 1268 3982 justitiam
1280 3911 1347 3983 legis
1358 3911 1477 3980 implete,
1488 3920 1516 3966 et
1527 3912 1567 3966 sic
1578 3911 1734 3966 innoeentes
1745 3925 1800 3966 nta-

177 4032 208 4071 se
221 4023 345 4071 constare
359 4010 506 4066 denuntiet.
524 4006 599 4061 Venit
613 4009 707 4061 iterum
726 4005 842 4061 diluculo
857 4007 885 4060 ia
899 4016 962 4060 tent·
1013 4004 1093 4059 nibus
1105 4010 1132 4057 et
1146 4005 1246 4058 munda
1259 4002 1350 4068 eorde,
1364 4001 1398 4056 ad
1412 4000 1581 4070 lapidandam
1599 4013 1673 4053 ream
1686 4012 1801 4054 eoncor-

177 4105 265 4175 plmn,
285 4112 316 4157 ut
336 4096 458 4155 eamdem
484 4097 709 4161 misericordiam,
732 4111 793 4150 eum
818 4096 963 4166 incipiente
1014 4094 1075 4151 rite.
1091 4092 1182 4148 Primo
1203 4090 1335 4161 spiritalia
1356 4090 1422 4161 lepis
1434 4089 1531 4154 edicta,
1544 4086 1635 4152 iidem,
1649 4086 1799 4141 misericor·

177 4196 243 4251 rtati
267 4190 419 4248 testamenti
440 4188 541 4242 lumine
564 4186 700 4252 fidelibus,
721 4186 819 4256 templo
839 4185 962 4241 videlieet
1013 4179 1297 4237 dianietebaritatem
1313 4175 1584 4249 parasitastrum
1603 4170 1802 4242 earnaliaJuit-

176 4299 240 4351 suo‚
249 4282 417 4353 pandendam
431 4278 654 4349 praebendamque
667 4276 809 4349 significet.
823 4274 857 4330 Et
868 4276 960 4342 amnis,
1013 4270 1098 4328 cauda
1113 4269 1246 4325 divertite.
1260 4269 1327 4324 liuto
1343 4275 1431 4323 aretem
1443 4265 1552 4335 judicic,
1565 4263 1693 4319 dominus
1703 4264 1800 4318 iterant

178 4376 278 4447 inquit,
299 4373 410 4444 populus
429 4371 498 4427 uenit
510 4370 545 4425 ad
560 4387 628 4435 eum,
643 4379 667 4424 et
682 4370 773 4424 sedens
787 4367 894 4423 docebat
908 4383 961 4422 eos.
1013 4379 1041 4417 sc
1059 4360 1189 4417 inclinans
1201 4358 1328 4415 sersieiat
1342 4359 1370 4412 itt
1390 4367 1470 4412 terra.
1488 4357 1522 4411 El
1534 4354 1641 4426 quidem
1654 4353 1731 4423 juxta
1743 4369 1801 4410 mo·

179 4467 272 4525 Sessio
294 4466 400 4522 llomiui
415 4464 593 4520 bumilitatem
616 4460 809 4516 iucarnationis
823 4457 891 4528 ejus,
914 4474 964 4531 per
1015 4467 1071 4507 rem
1093 4448 1293 4507 consuetudinis
1316 4448 1440 4502 humanae
1464 4450 1554 4515 potest
1576 4444 1705 4516 intelligi,
1729 4442 1800 4515 quod

177 4577 260 4632 quam
274 4559 351 4615 nobis
360 4557 483 4613 misereri
497 4556 681 4626 dignatusest,
697 4551 822 4606 insinuat.
832 4550 903 4606 Bene
916 4565 964 4605 au·
977 4514 1003 4576 ⁰
1014 4542 1074 4598 ideo
1086 4540 1216 4597 [lominus
1228 4552 1319 4594 eoram
1332 4535 1511 4592 tentatoribus
1523 4535 1653 4606 improbis
1664 4535 1798 4601 inclinari.

179 4663 236 4708 tem
253 4636 352 4708 dicitur
371 4648 434 4718 quin
448 4662 509 4702 curn
530 4644 625 4701 sedens
645 4642 754 4698 doceret
774 4639 862 4706 lesus,
876 4641 964 4695 omnis
1013 4641 1041 4689 et
1055 4633 1085 4687 iu·
1101 4638 1174 4688 terra
1194 4629 1315 4686 seribere
1333 4627 1458 4691 voluerit,
1472 4635 1502 4682 ul
1514 4626 1567 4683 illo
1589 4625 1691 4683 tubum
1711 4628 1800 4682 inten-

179 4740 292 4812 populus
309 4737 384 4794 renit
405 4737 438 4792 ad
460 4750 521 4790 curn
537 4752 543 4789 :
564 4734 627 4804 quia
648 4742 789 4803 postquam
813 4732 964 4788 humilitate
1013 4722 1091 4786 dens,
1103 4720 1255 4776 libertatem
1265 4718 1305 4774 eis
1318 4717 1396 4773 daret
1408 4717 1484 4773 exire
1499 4715 1565 4790 iil,
1578 4716 1692 4773 liberum
1704 4717 1744 4774 eis
1757 4717 1802 4773 da·

180 4846 236 4886 sum
249 4828 440 4885 incarnationis
454 4826 593 4895 proximus
606 4824 745 4879 bominum
764 4822 850 4878 iaetus
864 4831 915 4888 est,
930 4821 962 4876 ii·
1014 4825 1057 4873 ret
1066 4813 1277 4881 exitum3Beda‚
1288 4812 1363 4868 exire
1374 4807 1539 4882 arbitriuml,
1551 4823 1619 4879 quas
1630 4823 1679 4864 sua
1689 4822 1800 4879 respon-

180 4918 286 4974 tuentius
299 4925 370 4974 esta
390 4916 482 4971 multis
502 4912 560 4983 ejus
576 4928 665 4968 sermo
679 4919 817 4982 reecptus;
832 4910 964 4976 arauiris,
1014 4915 1090 4970 sione
1102 4911 1239 4984 perculsos
1252 4909 1332 4964 eitius
1344 4905 1474 4971 exituros,
1488 4916 1570 4974 quam
1586 4900 1664 4971 plura
1686 4900 1802 4959 interto-

182 5013 300 5080 inquam,
312 5018 353 5066 est
372 5006 451 5081 [ejus]
473 5021 562 5061 sermo
582 5010 718 5077 reecptus;
740 5017 856 5072 namque
875 5000 963 5072 aplu-
1015 5014 1125 5079 guturos
1137 5002 1374 5072 essepruvidcrat.

181 5104 255 5158 tillus
269 5108 312 5158 esi
329 5101 444 5170 superba
465 5099 601 5169 impietate
615 5104 793 5166 conlemptus.
813 5093 963 5149 Audieram
1051 5098 1132 5153 Vsus.
1144 5096 1171 5151 l).
1180 5123 1216 5134 -
1228 5092 1343 5165 Denique
1357 5087 1491 5144 audientes
1506 5103 1572 5143 unus
1584 5094 1641 5155 post
1653 5100 1733 5139 upum
1743 5082 1801 5140 epi.

181 5193 254 5248 euim
274 5190 425 5255 mausueti,
447 5197 474 5244 et
496 5189 576 5244 lutati
601 5194 664 5243 sunt
684 5184 796 5259 (Psalm.
809 5198 908 5248 antu,
923 5182 961 5255 ὅ).
1016 5187 1087 5250 dant,
1102 5184 1252 5255 insipientes
1266 5199 1282 5234 a
1295 5179 1450 5235 senioribus.
1472 5175 1525 5231 Sed
1543 5175 1655 5245 figurate
1675 5188 1726 5231 nos
1746 5174 1799 5231 ad·'

181 5284 275 5354 (Vsus.
286 5281 325 5352 3.)
338 5280 458 5349 Denique
471 5278 556 5335 ludaei
571 5286 715 5345 tentantes,
728 5277 893 5331 adduxerunt
907 5290 964 5327 mrt-
1016 5282 1108 5334 monet
1121 5276 1149 5330 in
1163 5289 1205 5339 eo,
1219 5272 1292 5343 quod
1302 5277 1330 5327 et
1344 5276 1407 5325 ante
1419 5266 1510 5322 datam
1523 5273 1624 5336 etpost
1637 5265 1726 5320 datam
1739 5278 1801 5323 sen-

183 5377 272 5429 liareat
288 5375 317 5429 iu
337 5371 465 5426 adulterio
478 5368 678 5438 deprehensam,
701 5370 889 5438 interropautes
902 5365 964 5438 quid
1016 5368 1128 5426 rentiam
1142 5364 1274 5420 inclinans
1288 5360 1396 5431 scripsit
1407 5359 1435 5413 iu
1450 5366 1539 5427 terra3
1551 5365 1582 5414 ut
1595 5362 1622 5412 ei
1633 5358 1708 5429 prius
1720 5371 1800 5428 qurum

182 5468 215 5519 de
229 5483 259 5521 ea
272 5465 330 5533 fieri
345 5462 460 5534 juberet.
480 5460 611 5527 Quoniam
630 5460 734 5531 bioyses
748 5459 828 5515 talem
848 5457 967 5527 lapidare
1016 5468 1174 5533 peccantem
1189 5458 1341 5529 proximum
1354 5453 1542 5524 corripiamus,
1556 5460 1584 5507 et
1599 5458 1740 5522 postquam
1754 5449 1801 5505 de-

184 5557 360 5614 mandaverat
371 5550 528 5628 (mutant,
541 5559 572 5604 1¹1
581 5550 603 5604 sl
614 5558 641 5603 et
655 5550 710 5620 ipse
719 5551 789 5606 bane
799 5548 966 5620 lapidandam
1017 5553 1080 5608 bitte
1091 5548 1276 5622 castigationis
1289 5547 1327 5603 illi
1340 5545 1519 5604 ministerium
1533 5543 1737 5607 reddiderimus,
1751 5554 1800 5597 nes

220 5724 233 5753 ⁸
249 5706 287 5766 Ex
301 5712 373 5767 bom.
386 5709 403 5763 5
416 5709 483 5764 llen.
495 5706 582 5760 Bede.
