4075 6192
203 278 273 336 {029
520 281 724 340 sistentes.
744 312 779 323 -·
796 282 918 340 EXPOS.
939 283 972 339 tn
991 281 1099 340 EPIST.
1127 283 1157 341 S.
1187 283 1288 342 entim
1305 285 1351 341 tlt
1369 265 1506 345 PiilLEhi.
1757 287 1826 350 {050

200 392 267 448 ritae
279 390 382 462 prioris
396 391 532 458 abstersit,
548 392 576 446 lu
590 400 707 459 tantum,
721 398 752 447 ut
764 390 908 463 Apostolus
924 409 990 450 eon-
1005 403 1026 457 Α
1041 393 1201 449 sententiam
1217 395 1386 466 temperavit.
1408 394 1519 451 Occulta
1532 397 1631 470 quippe
1644 410 1707 456 suot
1721 396 1824 468 iudicia

201 480 337 538 versionis
357 478 416 550 elus
437 482 514 537 testis
538 480 626 537 fleret.
652 481 811 554 [Apostoliei
841 485 987 540 testimonii
1039 482 1101 551 liei3
1123 489 1150 539 et
1164 485 1336 540 temerarium
1351 486 1484 556 estquasi
1506 487 1629 545 decerto
1646 492 1826 559 pronuntiare

202 572 322 644 pondere
335 571 468 643 premitur
481 572 605 628 dominus
625 572 706 645 083
721 571 848 645 fugientis
855 572 877 647 ‚]
890 583 928 641 ut,
943 576 987 646 qui
1037 573 1110 645 quod
1125 573 1236 630 dubium
1250 583 1301 630 est
1315 573 1377 630 ldeo
1391 584 1470 632 caute
1486 577 1575 633 dixit:
1594 576 1721 634 forsitan
1732 582 1767 635 ud
1777 582 1826 638 io-

203 676 237 718 ex
252 674 331 716 servo
341 667 371 715 et
384 658 497 731 iugitiro
517 668 599 732 atque
609 671 718 732 raptore
731 663 855 718 minister
866 662 988 734 apostati
1038 679 1096 718 rum
1106 663 1234 719 discessit.
1241 663 1340 719 lloram
1348 679 1397 734 pro
1408 673 1528 736 tempore
1540 667 1670 725 dehemus
1680 671 1824 741 accipere;

202 752 374 816 incusserat,
390 750 515 806 diceret:
536 752 629 819 (Vsus.
646 750 738 821 tois)
762 750 874 808 Obsecro
898 763 988 824 tepeo
1038 754 1071 810 ad
1097 756 1326 825 comparationem
1349 757 1422 812 enim
1442 759 1603 817 aeternitatis
1626 776 1706 817 omne
1720 771 1826 834 tempus

199 839 256 911 fiiis
267 855 325 895 mea
348 837 482 906 Omitto,
507 858 583 914 mem
595 843 672 914 penui
687 843 715 898 in
728 842 855 910 motulis:
877 845 922 916 qui
942 846 988 900 titi
1037 843 1118 898 breve
1130 852 1183 899 est
1202 842 1236 898 tn
1251 854 1377 900 eternum
1387 863 1447 901 eum
1460 850 1594 921 reciperer.
1609 852 1752 908 Onesimus
1760 869 1826 909 sero

200 928 343 1004 almannus
353 928 454 985 inutilia
467 929 526 1000 suit,
542 947 610 986 nune
623 941 710 986 autem
723 941 748 986 et
760 932 807 986 tili
824 941 848 988 et
858 933 922 988 milti
937 932 989 986 uti·
1037 933 1083 1005 qui
1099 948 1132 989 er
1156 933 1208 989 ilde
1228 933 1328 989 Christi
1343 935 1431 992 iaetus
1444 947 1496 1004 est,
1508 949 1536 995 et
1547 950 1666 998 aeternus
1682 952 1732 1008 est,
1744 954 1825 999 aetcr·

199 1019 243 1086 iit,
255 1033 332 1091 qums
354 1016 442 1072 remisi
461 1017 516 1073 itti.
533 1018 572 1073 Tu
587 1028 675 1074 nutem
698 1018 785 1085 dium,
810 1020 838 1074 id
858 1030 911 1086 eet,
929 1037 987 1075 meu
1036 1037 1089 1077 nus
1111 1021 1261 1078 Philemoni
1285 1022 1385 1095 lilium,
1407 1024 1496 1083 iactus
1516 1037 1634 1086 aeternius
1647 1041 1703 1099 cst,
1722 1043 1824 1089 aeterno

200 1112 300 1167 uitem
314 1111 432 1180 ιιιιιρις
444 1125 521 1180 qum
533 1127 579 1182 epo
590 1110 722 1166 colurum
741 1126 843 1166 mmnnt
861 1112 986 1178 retinere,
1036 1110 1208 1184 Philemoni],
1233 1113 1297 1182 qnia
1317 1120 1345 1168 et
1368 1113 1426 1184 ipse
1443 1116 1470 1170 iu
1494 1115 1631 1174 Christum
1653 1122 1824 1189 crediderat;

200 1210 230 1256 ιιι
242 1215 290 1273 pru
310 1208 335 1254 te
346 1199 412 1254 miti
424 1199 584 1254 ministraret
602 1201 630 1255 in
643 1199 752 1256 maculis
767 1200 912 1272 Eounpelii.
934 1202 988 1258 Po-
1037 1204 1132 1273 spiritu
1144 1203 1277 1259 libertatis
1288 1213 1408 1275 accepto.
1422 1206 1479 1276 jam
1492 1222 1662 1274 nossemus,
1676 1213 1725 1267 sed
1739 1211 1824 1268 irater

200 1292 259 1348 leus
280 1292 426 1362 impetrare
449 1293 521 1361 quod
545 1293 673 1362 postulat,
692 1294 748 1365 jam
764 1309 817 1350 nou
839 1310 889 1365 pro
908 1310 986 1352 semo
1037 1296 1189 1367 emccrcpit
1205 1311 1238 1350 ex
1253 1310 1342 1363 servo,
1356 1296 1441 1353 irater
1455 1300 1641 1368 charissimus,
1653 1312 1782 1360 emenus.

201 1383 375 1447 Philentouis,
388 1382 625 1453 sedpmllliosuo
641 1399 670 1440 se
684 1385 781 1439 asserit
790 1386 946 1457 dcpmeari3
959 1397 988 1444 et
1073 1384 1154 1440 Vens.
1171 1384 1213 1439 tt.
1225 1413 1262 1425 -
1277 1383 1306 1440 Si
1327 1401 1388 1456 erpo
1409 1404 1450 1441 me
1477 1387 1557 1444 inies
1578 1393 1694 1457 socium,
1719 1394 1822 1465 suscipe

201 1470 248 1527 illo
258 1470 314 1526 hlio
326 1484 406 1541 quem
419 1470 513 1541 mouit
527 1471 554 1525 ln
567 1470 681 1526 vinculis
695 1471 848 1543 Evangelii,
867 1475 919 1531 hoe
932 1483 986 1541 est,
1036 1474 1110 1529 ilium
1122 1478 1188 1531 deut
1201 1493 1252 1532 me.
1265 1476 1341 1545 Quod
1351 1479 1426 1545 dicit,
1434 1481 1486 1537 tale
1497 1490 1557 1537 est:
1575 1482 1823 1542 sinceritatem

199 1574 319 1632 pompm
330 1559 432 1615 Christi
445 1559 590 1631 Evangelio
600 1560 766 1627 sustiuehnt;
778 1562 824 1631 qui
834 1576 896 1617 eum
907 1571 986 1618 antea
1036 1574 1201 1632 consortem,
1216 1567 1315 1623 habeto
1328 1577 1356 1623 et
1368 1567 1536 1636 Onesimum,
1549 1586 1630 1641 quern
1645 1588 1695 1644 ego
1709 1589 1822 1630 consor-

200 1648 305 1706 inntilis
323 1648 432 1705 domino
446 1657 548 1704 tantum
570 1648 658 1704 iuerat
678 1649 777 1720 (neque
797 1651 869 1707 enim
892 1663 987 1708 servos
1038 1661 1092 1709 tem
1113 1654 1236 1712 stultum
1252 1658 1395 1714 ettiscera
1418 1675 1478 1715 mes
1498 1661 1610 1717 haheo:
1630 1678 1710 1732 quern
1725 1664 1747 1720 si
1768 1680 1821 1721 nou

201 1740 338 1811 iuratque
358 1739 577 1810 lugitimsaiteri
599 1741 701 1807 noeuit,
716 1741 888 1799 nisidomino
908 1742 983 1815 suo),
1001 1746 1198 1815 nsuseeperis,
1222 1760 1273 1802 nee
1295 1746 1396 1803 habere
1417 1748 1552 1816 volueris,
1576 1759 1605 1806 et
1627 1751 1684 1822 ipse
1706 1752 1824 1825 intellige

202 1846 273 1887 nune
295 1845 312 1887 e
333 1829 470 1886 contrario
489 1829 614 1885 utilitatis
632 1831 859 1901 compensatione,
882 1847 935 1902 qua
959 1839 987 1887 et
1038 1833 1152 1907 [iiier.,
1176 1835 1345 1912 iutelligisJ,
1371 1840 1443 1909 quod
1465 1856 1509 1897 me
1526 1841 1626 1899 habere
1652 1859 1705 1898 uon
1734 1853 1822 1914 potes.

200 1923 258 1993 ipsa
271 1921 381 1978 domino
395 1918 497 1992 [ilion.
511 1919 562 1990 ipsi
575 1919 694 1992 domino]
708 1928 735 1975 et
745 1919 829 1977 Paulo
845 1921 920 1978 utilis
933 1931 984 1988 est,
1037 1927 1130 2000 (lens.
1145 1928 1202 2000 18.)
1226 1927 1257 1986 Si
1269 1940 1356 1985 ostem
1368 1931 1469 2003 aliquid
1490 1934 1578 1988 uuenit
1600 1943 1646 1988 aet
1670 1934 1754 2002 deba,
1774 1935 1824 1990 ime

200 2012 362 2082 caeterisque
381 2024 430 2081 per
456 2009 588 2076 Paulum,
612 2010 672 2082 plus
698 2011 841 2068 chatitatis
866 2020 987 2068 meretur
1036 2015 1100 2070 mihi
1113 2018 1224 2088 imputa.
1239 2016 1280 2089 [Si
1294 2021 1365 2074 euim
1388 2018 1513 2076 Christus
1525 2037 1575 2092 pro
1590 2023 1666 2079 nohis
1681 2024 1779 2089 doluit,
1795 2032 1823 2079 ct

202 2117 285 2175 quum
308 2104 363 2160 odii
379 2110 442 2158 aute
463 2112 610 2160 meruerat.
637 2103 713 2161 Unde
731 2104 781 2171 ait,
802 2105 847 2177 qui
869 2104 915 2158 titi
938 2104 988 2160 uii-
1036 2103 1208 2161 infirmitates
1228 2114 1336 2162 nostras
1353 2109 1481 2177 portauit,
1499 2108 1572 2180 iuste
1591 2108 1691 2167 Paulus
1705 2112 1824 2167 imitator

200 2194 307 2265 quando
321 2192 423 2248 iendis
438 2193 499 2264 suit.
515 2193 586 2259 l'ihi,
602 2193 701 2265 iuquit,
714 2194 774 2261 soli,
797 2209 850 2249 uon
864 2194 985 2260 ceteris3
1036 2193 1079 2248 sui
1092 2194 1214 2265 magistri
1228 2208 1257 2249 se
1268 2196 1395 2265 opposuit
1407 2209 1457 2265 pro
1469 2194 1596 2252 Ouesimo
1615 2196 1671 2252 lilio
1685 2213 1744 2253 suo.
1767 2198 1823 2254 lloe

202 2296 274 2338 nune
286 2289 377 2337 autem
391 2283 440 2338 tilii
461 2290 491 2337 et
503 2283 570 2338 mihi
582 2283 667 2339 utilis.
686 2283 766 2341 iltilis
778 2285 888 2340 domiuo
909 2285 937 2340 iu
954 2298 987 2339 eo
1037 2290 1122 2338 tetum
1137 2282 1197 2339 ideo
1211 2282 1282 2339 dixit
1305 2291 1334 2338 ut
1347 2292 1473 2355 pacatum
1493 2284 1602 2341 iecisset
1620 2287 1741 2342 animum
1756 2287 1823 2343 Phi·

197 2372 273 2444 rpuod
293 2373 377 2443 possit
391 2371 475 2429 Panlo
489 2374 592 2430 servire
614 2389 664 2444 pro
685 2375 794 2430 domium
816 2390 881 2439 sno;
903 2374 988 2430 Paulo
1036 2372 1150 2427 temonis
1163 2374 1191 2427 in
1203 2371 1354 2445 onesimo]
1369 2374 1463 2444 (vens.
1476 2377 1531 2447 19.)
1547 2375 1604 2447 Epo
1619 2376 1721 2433 Paulus
1731 2377 1824 2448 scripsi

200 2477 266 2519 vero
278 2461 306 2518 in
318 2476 352 2517 eo
363 2461 438 2517 utilis
450 2463 515 2531 quia
534 2462 579 2519 illo
591 2463 618 2518 irr
630 2477 741 2519 earcere
760 2464 929 2533 vinculisque
941 2464 988 2518 de·
1036 2476 1095 2514 meu
1107 2475 1201 2525 muse,
1211 2475 1258 2530 epo
1271 2460 1389 2524 reddum
1403 2472 1432 2516 ut
1446 2479 1497 2517 non
1512 2465 1599 2518 duam
1621 2467 1680 2531 tilii,
1698 2469 1769 2537 quud
1790 2477 1825 2523 te·

201 2561 277 2609 tento
289 2553 376 2624 possit
384 2553 410 2608 ei
423 2552 450 2607 in
463 2553 609 2623 Evangelio
618 2554 782 2609 ministrare.
798 2553 895 2627 [Quem
905 2555 988 2611 etiam
1037 2552 1122 2621 ipsum
1139 2550 1203 2604 milti
1225 2549 1312 2604 &200⁸-
1334 2550 1411 2617 0⁰⁰⁶
1431 2552 1506 2617 dicii,
1520 2553 1574 2607 tale
1595 2562 1637 2608 0⁸⁸
1658 2571 1665 2608 τ
1683 2552 1825 2613 Offilium

202 2642 286 2698 lilium
308 2656 386 2698 sunm
400 2642 541 2697 nominare
555 2657 609 2697 non
631 2641 785 2715 dubitavit]
800 2642 876 2711 ouon
898 2651 987 2699 autem
1037 2639 1110 2695 tarto
1134 2640 1233 2710 rapuit,
1255 2653 1307 2710 ego
1330 2653 1374 2694 me
1396 2640 1516 2710 spondeo
1538 2641 1724 2710 redditumm,·
1746 2644 1826 2717 hujus
1911 2643 1913 2648 ’

201 2733 261 2788 altr
277 2730 317 2786 Pu
330 2740 419 2786 auum
430 2731 516 2798 iilum,
530 2732 558 2787 id
571 2742 610 2788 eut
622 2733 719 2789 uitem
733 2750 790 2788 meu
802 2734 915 2805 mripe,
937 2734 990 2791 lioe
1037 2729 1190 2802 sponsionis
1201 2727 1313 2799 epistola
1328 2727 1387 2783 hec
1399 2735 1427 2782 et
1441 2742 1538 2784 manus
1550 2730 1628 2785 testis
1641 2738 1685 2785 est
1696 2735 1823 2802 pmpria;

200 2831 254 2890 est,
266 2821 338 2894 quod
350 2823 430 2893 paulo
449 2831 513 2879 aute
526 2823 592 2889 dixi,
611 2824 715 2880 macera
728 2825 882 2897 signiticare
903 2825 988 2880 inter-
1037 2834 1117 2890 quam
1131 2835 1185 2876 non
1200 2819 1279 2876 solito
1300 2833 1376 2875 mute
1398 2818 1508 2886 dietari,
1523 2821 1571 2876 sed
1585 2835 1645 2875 mea
1665 2835 1747 2876 manu
1767 2822 1825 2893 ipss

201 2929 268 2971 num
280 2914 371 2971 cordis
384 2912 519 2981 aflectum,
532 2923 561 2970 et
572 2915 680 2987 plenam
693 2932 726 2972 ex
749 2917 841 2972 animo
860 2915 988 2971 voiunta-
1037 2911 1195 2982 conseripti-
1210 2909 1268 2966 iioc
1283 2910 1354 2974 ἀίω.
1368 2909 1446 2979 (lilasi
1457 2909 1513 2981 (τᾶ)
1528 2918 1687 2966 uirtutum
1700 2910 1823 2982 mouens.

201 3013 268 3061 tem.
283 3005 378 3077 (Vens.
401 3005 455 3077 11.)
469 3003 534 3061 Sine
547 3004 656 3061 coneilio
670 3014 758 3061 suum
776 3015 821 3062 tun
840 3005 905 3062 asisii
919 3005 989 3061 uolui
1037 3001 1172 3058 Caeterum
1185 3000 1207 3056 si
1216 2997 1306 3068 adjus
1316 3013 1405 3054 meum
1418 2999 1536 3062 redeam,
1550 3007 1661 3070 pmpter
1673 3013 1825 3055 sermonem

202 3093 301 3164 imore,
314 3094 353 3149 uti
363 3110 395 3150 ne
411 3093 479 3149 uelut
491 3110 525 3149 ea
538 3095 689 3150 necessitate
703 3095 798 3150 ionum
818 3103 892 3149 tuum
905 3102 987 3161 esset,
1001 3087 1025 3150 C
1039 3091 1141 3149 Christi
1152 3106 1232 3162 quem
1254 3090 1302 3145 tihi
1315 3089 1504 3162 evangelizavi,
1524 3099 1553 3146 et
1571 3089 1741 3147 Christianus
1762 3090 1827 3147 ede·

201 3187 248 3243 ted
262 3187 447 3243 uoluntarium.
461 3185 529 3259 [liae
542 3189 675 3244 sententia
688 3187 756 3244 solvi
765 3195 855 3258 potest
863 3188 988 3259 quaestio,
1039 3191 1098 3239 ems
1112 3197 1153 3248 es,
1165 3192 1192 3237 te
1205 3180 1272 3235 mihi
1286 3180 1373 3251 heum
1383 3180 1474 3236 debes.
1488 3178 1598 3247 Quodsi
1613 3188 1643 3238 tu
1656 3196 1733 3239 meus
1744 3197 1785 3250 es,
1796 3191 1825 3239 et

200 3291 256 3349 qua
268 3278 378 3349 quidam
399 3284 525 3334 assemot
544 3277 628 3334 heum
652 3277 732 3333 talem
755 3277 880 3334 debuisse
899 3277 989 3335 iacere
1040 3279 1085 3328 itte
1098 3269 1181 3344 684
1197 3270 1288 3328 omnia
1308 3285 1368 3326 mea
1382 3278 1461 3338 sunt;
1488 3268 1524 3343 [ii
1544 3279 1635 3326 *mem
1660 3280 1708 3327 ‘¹¹³
1731 3273 1823 3329 ⁰ffl⁰¹²

202 3363 408 3435 hominemqui
422 3378 537 3435 peccam
549 3380 602 3422 non
612 3366 706 3437 possit.
719 3365 790 3421 heus
801 3381 866 3421 vero
876 3367 934 3437 ipse
942 3382 990 3424 ro·
1038 3378 1098 3418 mea
1122 3361 1209 3435 sunt‚]
1231 3360 1374 3418 Onesimus
1395 3375 1513 3433 quoque,
1534 3363 1580 3434 qui
1602 3371 1665 3420 tuus
1681 3373 1732 3429 est,
1748 3379 1825 3420 meus

202 3454 335 3511 luntarius
358 3461 411 3520 est,
427 3469 480 3510 nou
495 3457 650 3512 necessarie
667 3454 753 3527 (hep,
765 3455 917 3513 voluntarie
938 3458 989 3515 ho-
1038 3464 1092 3511 est
1109 3455 1235 3512 Poteram
1255 3455 1338 3527 igitur
1351 3469 1384 3512 eo
1399 3456 1450 3522 nti,
1474 3463 1505 3512 ut
1527 3472 1605 3524 meo;
1627 3459 1675 3514 sed
1695 3458 1826 3514 uoluntati

201 3562 254 3603 nus
268 3554 320 3613 est,
334 3561 388 3602 unu
402 3545 603 3618 necessitate):
618 3547 788 3612 homonem,
799 3548 822 3603 si
839 3562 873 3604 ex
893 3563 988 3605 neers·
1039 3555 1092 3603 tue
1114 3546 1256 3617 relinquo,
1287 3553 1317 3601 ut
1344 3547 1498 3602 meroedem
1524 3547 1627 3603 habeas
1651 3547 1825 3617 ignoscendo.

201 3636 283 3693 nitate
304 3636 393 3693 hunus
411 3645 495 3701 esset,
510 3652 565 3693 uon
587 3638 735 3704 voluntate,
751 3638 799 3695 liei
819 3639 909 3712 imago
928 3655 989 3698 essa
1039 3637 1132 3710 (tuus
1146 3636 1205 3708 so.)
1224 3634 1268 3689 ltu
1281 3636 1374 3705 semer.
1389 3634 1447 3704 tipo
1458 3642 1484 3688 te
1496 3634 1573 3703 [reor
1587 3636 1616 3690 in
1627 3637 1752 3693 Domino.
1772 3637 1827 3693 fle·

201 3739 256 3782 nou
266 3725 375 3800 possit]
385 3725 476 3783 Potuit
489 3727 581 3799 itaque
593 3735 622 3784 et
632 3728 769 3799 spostolus
777 3729 878 3786 Paulus
887 3731 989 3800 absque
1038 3730 1088 3797 tice
1105 3729 1204 3783 umero
1217 3740 1276 3778 meu
1292 3725 1322 3778 in
1346 3722 1461 3779 dinuo.
1484 3723 1560 3792 Quod
1573 3734 1664 3784 sutem
1676 3729 1716 3784 ait
1740 3747 1748 3783 τ
1768 3729 1828 3801 Epo

202 3815 338 3872 ιοΙιιιιιιι
350 3816 514 3874 Philemonis
524 3817 682 3875 θιιιιίιιιιι
698 3819 751 3875 sihi
766 3819 794 3874 in
807 3820 988 3876 ministerium
1038 3828 1063 3872 te
1083 3818 1161 3887 {rene
1175 3816 1204 3870 in
1219 3814 1341 3881 Domino,
1366 3815 1440 3871 aliud
1461 3816 1547 3873 multo
1567 3819 1728 3892 intelligitur
1746 3837 1827 3893 qnam

203 3906 335 3973 retinere3
349 3908 397 3963 sed
410 3907 434 3963 si
447 3907 500 3961 hoe
509 3907 569 3962 sine
576 3906 743 3962 Philemonis
756 3906 895 3962 voluntate
909 3906 989 3963 iecit-
1038 3913 1158 3978 putatur.
1176 3903 1321 3976 Apostolus
1342 3918 1397 3962 uon
1412 3903 1572 3963 imiturnisi
1599 3909 1640 3964 eis
1662 3909 1749 3981 [Hier.
1773 3911 1827 3967 nisi

201 4004 263 4062 set,
280 3997 382 4052 mcum
409 3995 517 4064 quidem
539 4003 614 4058 erat,
638 3994 685 4050 sed
707 4009 761 4050 nou
782 3994 961 4051 voluntarium
979 4013 987 4052 a
1038 3983 1095 4067 eo],'
1112 3993 1160 4064 qut
1175 3992 1275 4049 mutuas
1288 3993 1316 4049 lu
1330 4008 1360 4050 se
1372 3994 1455 4050 hahet
1467 3995 1638 4053 continentes
1651 3996 1750 4070 [iiiam
1762 4015 1828 4055 cou-

200 4090 273 4164 ouod
287 4094 379 4144 autem
395 4092 520 4141 nouerat
530 4085 721 4151 uoluntarium,
736 4087 790 4143 alio
803 4088 988 4162 geremarum
1038 4083 1224 4157 ementesque]
1245 4084 1368 4151 virtutes,
1389 4092 1417 4141 et
1435 4093 1522 4141 totum
1537 4087 1609 4156 quod
1621 4086 1745 4144 christus
1762 4089 1827 4146 dici·

201 4183 309 4249 poteret
320 4188 375 4230 non
387 4186 447 4231 esse
460 4172 572 4229 honum
586 4172 659 4229 Nihil
672 4174 773 4246 quippe
786 4174 989 4251 [absolute1hn-
1039 4182 1084 4229 tur
1111 4188 1161 4246 pro
1189 4175 1322 4232 tumente
1340 4190 1494 4241 musarum,
1513 4176 1672 4247 sapientium
1690 4176 1826 4244 videlicet,

202 4281 267 4322 num
280 4278 340 4320 esse
351 4262 459 4333 poterit,
474 4263 526 4320 nisi
539 4261 610 4334 quod
630 4264 784 4321 ultmueum
801 4274 852 4323 est.
876 4267 915 4323 Es
935 4283 989 4338 quo
1036 4262 1186 4335 iustitiam,
1206 4264 1418 4331 continentiam,
1442 4267 1698 4333 mansuetudinem,
1723 4275 1826 4339 tempe·

203 4353 323 4427 Apostoli
333 4352 527 4412 consideranda
535 4352 678 4423 pmdentia
690 4362 743 4421 est,
753 4354 799 4425 qui
812 4355 913 4412 ideireo
923 4354 990 4427 iugi
1040 4352 1168 4419 tantiam,
1187 4352 1350 4410 castitatem.
1366 4351 1421 4409 llas
1434 4353 1600 4424 imprecatur
1616 4353 1780 4420 Philemoni,
1796 4363 1828 4411 ut

203 4446 287 4501 tirum
306 4442 420 4500 remittit
438 4443 472 4498 ad
493 4441 642 4507 dominum,
663 4451 693 4498 ut
708 4444 795 4518 prosit
807 4444 916 4501 domiuo
928 4461 988 4513 sno,
1002 4419 1029 4482 Β
1041 4442 1104 4497 dum
1119 4441 1162 4497 his
1180 4441 1367 4508 abundaverit,
1384 4442 1441 4512 ipse
1459 4456 1492 4498 eo
1507 4442 1650 4514 perimens
1669 4443 1826 4515 impleatur.

205 4533 262 4605 tout
276 4532 411 4604 placuisse
422 4545 476 4586 uon
491 4540 609 4602 murat,
622 4533 645 4588 st
666 4532 838 4589 sineuontnt
851 4542 990 4592 oneretur
1040 4531 1075 4585 Et
1090 4546 1125 4586 ne
1146 4538 1235 4601 puts,
1262 4530 1336 4584 inan
1355 4528 1512 4587 fruitionem
1531 4532 1597 4598 utet,
1616 4550 1670 4605 qua
1689 4551 1739 4592 nos
1756 4552 1828 4608 seps

204 4621 342 4678 uoluntate
355 4619 457 4693 (dien,
471 4621 518 4691 qui
537 4622 667 4690 prodesse
683 4638 737 4679 non
753 4633 876 4695 poterat,
897 4626 921 4682 ti
942 4625 990 4684 do·
1041 4621 1181 4693 nostrique
1197 4620 1270 4677 inter
1289 4635 1340 4678 nos
1360 4626 1505 4692 praeseutia
1522 4625 1689 4682 delectamur
1707 4627 1746 4702 [et
1761 4627 1829 4685 irni-

204 4711 278 4766 mino
291 4707 583 4782 tenereturuhsenle)].
1041 4711 1125 4785 ιιι),
1144 4712 1247 4768 addidit
1269 4715 1321 4767 :in
1340 4712 1463 4769 Domino.
1485 4714 1573 4785 Refice
1595 4717 1693 4772 uitem
1712 4734 1771 4772 meu
1799 4721 1828 4773 in

240 4798 321 4854 Vns.
340 4796 386 4864 ts,
400 4795 488 4852 ld.-
499 4794 697 4856 Forthunideu
709 4801 744 4855 uti
757 4800 851 4857 horum
862 4801 989 4870 ιίιιιιιίι,
1042 4799 1156 4856 Cinna.
1172 4800 1318 4871 sicutipse
1339 4799 1392 4856 irui
1404 4802 1461 4857 vult
1474 4800 1631 4859 Philemone
1650 4805 1678 4859 in
1696 4805 1828 4871 liomluo,

205 4895 235 4941 et
248 4895 375 4941 omnum
392 4882 469 4941 iilum
490 4885 615 4955 reciperes
629 4902 639 4941 .·
648 4887 707 4957 jum
723 4905 775 4945 nnn
795 4891 863 4946 sieut
876 4908 988 4959 menum,
1043 4893 1081 4949 ita
1102 4893 1208 4949 uiscera
1220 4907 1271 4948 sua
1293 4891 1421 4949 onesimo
1436 4892 1536 4966 liliam,
1552 4893 1732 4969 Onesimuml,
1746 4909 1829 4967 quem

203 4975 251 5044 aad
272 4990 320 5045 pro
342 4990 416 5030 uma
435 4975 617 5029 siraconum
639 4975 759 5046 tratrem,
778 4981 891 5035 numme
910 4982 990 5050 ntiii;
1043 4989 1071 5038 et
1086 4982 1210 5051 superius
1222 4982 1317 5038 eodem
1335 4981 1444 5039 nomine
1463 4984 1653 5055 appellaverat,
1675 4983 1751 5041 redd
1772 4985 1829 5042 ruit

206 5074 304 5136 quanm
318 5066 401 5138 munit
414 5067 461 5122 tiis·
471 5077 496 5124 et
510 5068 538 5122 in
547 5084 627 5125 earne
640 5078 665 5125 et
677 5069 705 5125 iar
723 5070 846 5127 Poenino.
865 5069 953 5144 [Sient
963 5074 990 5128 iu
1041 5087 1092 5144 per
1109 5072 1303 5129 Philemonem.
1320 5072 1404 5130 Recte
1422 5075 1522 5131 dieitur
1532 5076 1637 5132 viscera
1655 5076 1742 5133 saneti
1752 5073 1829 5133 Pauli

206 5152 361 5210 venditione
373 5153 472 5225 loseph
491 5156 672 5224 honamrem,
687 5159 777 5225 idest,
791 5159 904 5216 sulutem
923 5161 992 5217 mul·
1042 5163 1185 5220 Οιιιιίιιιιι
1201 5163 1300 5237 [iiiam.
1319 5175 1394 5223 reete
1410 5165 1489 5222 Pauli
1505 5168 1534 5223 iu
1553 5167 1662 5224 Christo
1673 5169 1780 5225 viscera
1790 5167 1831 5224 di·

208 5250 295 5299 torum
309 5243 374 5301 iecit
386 5244 457 5300 lieus
471 5245 505 5302 de
516 5247 586 5303 mala
597 5249 734 5307 voluntate
746 5248 887 5324 intimum]
897 5252 991 5309 simili·
1043 5263 1143 5311 cuntur
1156 5254 1321 5329 Onesimus1,
1334 5273 1414 5329 quem
1428 5261 1521 5331 genuit
1536 5260 1564 5316 iu
1575 5260 1700 5317 riueulis.

207 5345 250 5392 ter
266 5345 294 5391 et
307 5337 334 5392 iu
356 5336 484 5392 onesimo
497 5350 640 5405 possumus
663 5342 812 5415 intelligere
830 5344 902 5414 quod
921 5344 991 5400 mals
1077 5345 1158 5401 lens.
1181 5344 1227 5400 il.
1244 5374 1280 5388 ·-
1297 5345 1438 5417 Confidam
1460 5350 1489 5403 iu
1505 5350 1651 5405 odedientia
1667 5357 1714 5405 teu
1735 5350 1830 5422 scripsi

207 5425 341 5495 principia
357 5424 514 5480 occasiones
526 5422 628 5480 suerint
647 5430 686 5484 rei
707 5430 794 5489 hone.
809 5432 900 5505 [Fugit
918 5434 991 5490 euim
1041 5435 1099 5501 tihi,
1122 5436 1207 5490 miens
1227 5437 1351 5506 quomam
1371 5446 1396 5492 et
1417 5454 1496 5509 asper
1516 5439 1544 5494 id
1564 5440 1635 5511 quud
1655 5440 1714 5496 dien
1735 5440 1829 5509 [una.

208 5514 348 5571 dominum
363 5528 441 5569 suum
454 5523 483 5570 et
495 5513 584 5571 tactus
596 5525 638 5572 eet
652 5531 746 5577 servm
757 5521 857 5581 Christi
873 5533 901 5580 et
913 5524 992 5580 mini·
1043 5524 1100 5598 [tn
1112 5525 1195 5591 enim,
1210 5524 1344 5596 conlidens
1367 5528 1396 5583 iu
1418 5528 1564 5585 obedientie
1577 5539 1632 5597 teu,
1648 5537 1679 5587 ut
1699 5545 1753 5587 non
1767 5545 1833 5587 eru-

210 5602 307 5664 eterlu
328 5600 495 5677 trossulis]
507 5601 623 5661 Pulchre
639 5616 729 5662 autem
743 5613 843 5670 addens
862 5613 992 5684 forsitan,
1044 5614 1167 5673 moueret
1187 5614 1340 5675 Philemoni
1357 5617 1448 5678 lacere
1465 5622 1538 5697 quod
1555 5628 1667 5693 mpstut
1685 5619 1746 5680 luit.
1766 5620 1832 5679 ldae
