4075 6192
195 365 247 421 tt'l
626 354 657 408 B.
676 341 708 407 F.
728 344 842 403 ttntm
861 340 928 399 SEU
948 332 1089 393 muttit
1112 327 1256 390 obaudit
1273 326 1364 384 PARS
1385 327 1406 382 Ι.
1782 317 1835 378 lib

195 476 305 542 livistis,
316 490 377 545 qaae
389 486 433 529 me
446 469 532 526 multo
544 466 645 539 gaudio
659 459 874 522 laeddmvmunt,
886 454 920 510 de
928 466 993 524 pro·
1006 454 1031 513 A
1044 447 1138 505 dorem
1150 455 1253 503 aterm
1263 459 1331 517 pace
1343 442 1481 507 bruatur,
1492 440 1540 513 poi
1559 448 1682 546 nostrum
1696 438 1731 494 de
1739 451 1841 510 snper·

197 567 327 639 speritma
340 562 480 635 dignitatis
490 568 598 624 vestrae,
625 569 674 612 serr
688 553 722 609 de
745 547 933 607 recordatione
945 558 995 599 no·
1044 540 1087 595 uls
1101 538 1211 595 sedibus
1223 543 1383 609 exspectant
1398 549 1523 606 agonem,
1550 531 1780 589 desiderautasex
1793 545 1840 588 no·

198 653 532 724 mammaemammal
554 649 668 706 multura
681 644 788 702 couddo
801 656 851 714 per
860 640 908 697 liei
933 653 995 711 gra·
1044 631 1087 688 bis
1101 630 1195 702 angeri
1205 645 1347 686 numcmm
1359 643 1449 693 snum,
1464 641 1519 697 quo
1533 633 1728 697 tuproperans,
1740 621 1844 680 beatis-

199 752 264 806 dam
273 749 307 804 de
321 743 559 802 intercessionibus
572 737 725 796 numnam
734 742 833 792 vestrm
843 748 851 798 ;
862 737 996 802 etquanto
1047 723 1115 778 sime
1129 720 1221 788 Pater,
1232 726 1330 791 meque
1338 717 1464 791 precibus
1475 723 1564 773 tecum
1577 730 1683 788 rapere,
1694 714 1844 771 secondum

200 856 243 897 me
256 839 318 912 plus
329 844 502 910 paenam
519 846 649 906 agnosca,
662 835 740 885 tanto
761 824 849 898 magis
869 836 913 878 mc
927 820 998 876 indi-
1048 812 1221 869 fidelissimas
1226 810 1421 884 promissiones
1433 817 1504 875 tuas,
1519 815 1614 880 satago
1627 816 1659 863 ιιι
1671 820 1774 864 corona
1784 804 1845 878 gm-

201 945 265 1000 pere
277 939 387 987 uncus
396 928 534 986 spadones
546 931 653 981 vestras
664 918 738 976 novi.
763 915 822 972 Non
846 912 934 969 solum
954 924 999 966 mc
1048 903 1159 960 riatuae
1172 903 1239 959 mibi
1261 901 1395 974 proficiat,
1418 900 1526 958 Christo
1543 901 1673 966 donante,
1697 901 1724 956 in
1743 913 1844 972 perpe-

202 1021 306 1110 aliquid
313 1021 402 1077 reniae
415 1016 514 1074 mereri
528 1030 581 1072 non
594 1012 688 1070 dubito
699 1024 754 1081 per
764 1001 862 1066 vestrae
880 1002 1001 1060 abarim-
1051 1002 1124 1049 tuam
1137 992 1374 1051 miserationlsiiei
1386 991 1512 1049 salntem.
1526 989 1762 1065 iiivinagratiate,
1771 999 1848 1049 mos·

204 1107 615 1180 tiseontianrssnpplicationes,
628 1103 677 1159 sed
689 1099 1001 1169 vosmetipsosmagnam
1050 1100 1104 1155 que
1114 1084 1228 1142 fideliter
1238 1083 1500 1141 inEcclesiaCbrioti
1513 1085 1673 1151 servientes,
1686 1084 1849 1142 inomnibus

205 1202 306 1260 babere
319 1195 474 1260 mercedem
483 1214 534 1272 pro
543 1196 698 1268 integritate
705 1174 805 1248 sanctae
812 1189 874 1246 ddei
885 1202 1002 1258 congra-
1052 1175 1289 1251 proterenda,
1313 1174 1487 1233 dilectissimo
1511 1185 1540 1233 et
1558 1177 1728 1234 sanctissime
1739 1175 1831 1234 Pater.

205 1291 292 1360 tulor;
308 1306 373 1348 nam
385 1299 416 1347 et
427 1285 634 1361 promissionem
644 1281 815 1339 verissimam
826 1278 913 1349 ipsius
928 1275 1005 1332 lieri·
1168 1361 1173 1366 .
1216 1270 1296 1343 196
1313 1283 1326 1311 ι
1341 1267 1509 1327 EPISTOLA
1523 1263 1686 1326 CLXXVIII.

207 1377 422 1445 tatisbabemus,
438 1378 564 1450 quasit:
591 1374 641 1430 liii
656 1381 717 1428 aunt
738 1371 791 1425 deo
804 1369 843 1424 ael
866 1378 918 1422 tres
942 1381 1005 1421 ma·
1237 1376 1272 1415 an
1294 1375 1475 1416 emersuros
1501 1375 1658 1417 arrscornr.

208 1472 307 1542 gregem
320 1471 348 1525 ia
361 1469 466 1524 nonin
475 1454 1004 1534 aamiiirarrtr'asredioeommillatli.
1057 1451 1228 1508 Orationibus
1253 1453 1370 1508 ommam
1392 1462 1416 1508 et
1429 1451 1594 1525 singolorum
1611 1465 1638 1508 se
1662 1453 1849 1516 commendat,

209 1559 356 1634 renum).
376 1556 717 1632 congregationostracst
741 1551 768 1606 in
779 1548 875 1620 spiritu
887 1545 1008 1601 charita·
1091 1522 1259 1578 mm&
1277 1533 1384 1595 imm
1401 1533 1510 1578 “W
1533 1523 1667 1595 ‘elvelid‘
1679 1522 1799 1596 mliii&
1815 1524 1852 1579 Μ

222 1652 229 1666 ,
340 1653 346 1666 ,
477 1651 483 1662 ,
663 1661 670 1674 ,
864 1638 871 1651 .
1094 1592 1231 1650 lectionem
1249 1603 1348 1650 marte
1362 1591 1519 1665 Scriptura,
1534 1594 1570 1650 od
1590 1594 1732 1666 juniorum
1752 1594 1853 1649 instrat·

209 1661 255 1721 tra,
270 1667 324 1709 aaa
338 1665 500 1722 incorpons
510 1646 672 1719 prasentia,
697 1649 725 1698 et
738 1640 782 1698 cni
798 1653 889 1696 omma
909 1645 1009 1708 presto
1095 1664 1215 1719 monem·

208 1753 281 1811 sant,
293 1758 349 1801 nou
362 1742 439 1798 lutet
457 1755 519 1796 enm
541 1735 687 1795 eharitatis
700 1729 926 1801 naamatites,
950 1728 1010 1784 sine
1096 1733 1235 1805 Praecipue
1256 1733 1395 1806 dignitatis
1408 1734 1511 1805 pastori
1525 1735 1540 1775 ¹²
1559 1733 1713 1791 AEdilberto
1726 1736 1855 1807 episcopo

211 1805 265 1909 pra
280 1835 319 1891 nil
331 1834 423 1907 planet
435 1832 502 1897 beo,
517 1843 569 1885 neo
582 1841 682 1884 munus
695 1824 729 1880 ad
743 1835 830 1878 aram.
845 1820 921 1876 lianc
943 1833 1011 1890 ergo
1026 1800 1090 1879 'et
1112 1824 1185 1881 omni
1210 1825 1412 1898 congregationi
1434 1826 1461 1881 in
1482 1825 1598 1883 eeclesia
1625 1829 1713 1886 sancti
1738 1827 1857 1885 andree

208 1939 360 1997 sequamur
383 1923 480 1978 intimo
505 1917 595 1976 cordis
609 1915 718 1982 aiicctu,
732 1913 807 1970 utad
822 1911 897 1967 ilium
908 1923 1008 1982 perre-
1063 1913 1119 1970 iieo
1132 1913 1320 1981 servientium,
1335 1913 1464 1971 Alcuinus
1479 1923 1579 1972 vestrm
1601 1905 1859 1978 edesenus'aasrt·

213 2015 271 2072 nire
284 2012 508 2084 ussermanni
530 2018 650 2067 estvera
659 2006 791 2071 ebaritas,
806 2012 835 2060 ct
851 2002 1013 2060 indeficiens
1063 2003 1127 2061 tatis
1140 2003 1256 2078 [Germ.
1276 2005 1426 2079 sanctitati]
1438 2006 1466 2061 in
1477 2005 1586 2064 Christo
1598 2007 1723 2064 salutem.

210 2105 361 2171 monta,
372 2115 402 2161 et
413 2105 492 2160 beata
506 2101 658 2158 aeternitas:
668 2110 699 2157 nt
708 2097 785 2153 labor
794 2110 848 2151 non
860 2095 897 2150 sil
911 2094 1011 2159 inanis,
1098 2093 1230 2166 specialis
1252 2094 1330 2169 [dod.
1345 2093 1417 2162 Sal,
1431 2097 1573 2172 spiritalis]
1592 2095 1719 2157 amicitiae
1728 2101 1857 2173 cupidus.

213 2197 262 2257 aad
285 2196 321 2253 ad
333 2195 462 2268 periectas
479 2181 667 2250 retributionis
679 2188 821 2261 perveniat
833 2186 958 2259 gloriam.
1063 2194 1162 2242 vestre
1172 2187 1308 2243 sancitati
1324 2188 1470 2258 parvitatis
1495 2201 1563 2247 mem
1582 2189 1716 2248 litterulas
1739 2190 1860 2264 dirigere

248 2273 291 2345 Ad
300 2290 374 2345 banc
386 2286 600 2345 vicissitudinem
610 2283 726 2340 sollicita
738 2281 890 2337 litterarum
904 2288 1013 2335 tuarum
1065 2277 1171 2344 curari,
1189 2267 1262 2334 utet
1275 2271 1385 2351 paetum
1400 2281 1520 2351 amiqua
1533 2280 1727 2339 familiaritatis
1747 2283 1863 2340 innova·

212 2379 422 2436 dilectiomeam
433 2377 576 2450 segnitiem
588 2374 692 2431 hortari
707 2372 861 2429 nuliatenus
871 2371 1016 2427 immemor
1066 2383 1135 2432 rem,
1151 2376 1179 2425 et
1190 2383 1234 2425 roe
1245 2370 1345 2425 vestris
1354 2371 1547 2428 sacratissimis
1558 2371 1780 2430 commendarem
1795 2387 1861 2429 ora-

214 2481 286 2540 esto,
301 2472 480 2543 guamnasad
489 2468 755 2526 illambeatissimam
764 2466 895 2521 visionem
909 2462 1015 2518 bomini
1067 2460 1197 2518 tionibus.
1214 2461 1248 2516 Et
1269 2461 1293 2517 si
1305 2461 1396 2540 unius,
1413 2460 1675 2536 juxtalipostolnm,
1692 2462 1805 2518 meliora
1818 2480 1864 2519 rc·

218 2565 305 2622 rosal
318 2563 383 2621 iesu
396 2563 497 2622 Christi
521 2561 664 2635 pervertite
679 2573 845 2623 mereamur,
860 2556 905 2612 ubi
918 2563 961 2611 est
973 2553 1017 2609 lu·
1068 2552 1103 2609 let
1120 2554 1268 2626 deprecatio
1276 2551 1346 2626 jacti
1355 2554 1428 2627 (doc.
1442 2567 1470 2620 v,
1489 2554 1546 2625 id),
1564 2565 1666 2626 quanto
1683 2556 1770 2629 magis
1782 2563 1812 2613 et
1822 2564 1865 2613 to·

219 2670 284 2715 mon
293 2662 424 2712 aeternum
432 2662 461 2711 et
469 2654 548 2725 quies
560 2660 697 2725 perpetum
709 2650 785 2722 pacis
799 2648 948 2704 laetissima.
976 2645 1018 2703 Ad
1070 2644 1125 2701 tius
1138 2645 1317 2702 sanctissime
1333 2646 1550 2720 congregationis
1563 2649 1591 2703 ln
1613 2646 1865 2719 cbrismqusrnn

221 2744 302 2815 boias
319 2745 602 2818 beadtudinispaeem
616 2758 712 2799 omnes
724 2742 795 2798 adtc
810 2741 961 2804 venientes,
976 2737 1019 2793 vel
1070 2735 1192 2808 quandia
1205 2737 1344 2794 canonicis
1358 2737 1433 2794 boris
1446 2737 1567 2810 pacilicm
1581 2739 1696 2795 unitatis
1711 2737 1790 2813 [Cod.
1803 2739 1863 2797 sat.

220 2837 303 2892 char
333 2836 502 2907 pertinentes
533 2835 664 2906 exemplis
690 2833 799 2906 optimae
822 2832 885 2887 vitm
909 2830 1020 2886 trahere
1071 2827 1187 2894 etCort„
1200 2827 1398 2902 unanimitatis]
1411 2828 1608 2901 postulationes
1627 2832 1727 2888 coelum
1739 2840 1867 2903 penetra·

222 2942 277 2983 non
290 2927 423 2993 desistam
440 2940 492 2982 nec
514 2925 742 2981 admonitionibus
755 2922 918 2979 dulcissimis
936 2922 1019 2978 corda
1072 2935 1102 2974 rc
1115 2913 1281 2988 credendum
1302 2928 1355 2976 est
1379 2919 1470 2974 Etiam
1483 2929 1512 2976 et
1531 2920 1679 2993 singularis
1692 2919 1867 2991 uniuscujus-

146 3069 148 3072 ,
220 3018 326 3074 amris
340 3018 457 3090 irrigare
473 3016 564 3088 segnis
577 3024 647 3081 esto,
661 3023 690 3071 ut
700 3014 806 3071 culmen
823 3013 969 3069 nominate
980 3013 1022 3069 di·
1072 3026 1126 3082 qne
1138 3010 1165 3066 in
1177 3019 1283 3067 sacrem
1296 3012 1386 3067 oratio
1396 3012 1430 3068 ad
1448 3028 1528 3070 aures
1539 3013 1732 3085 omnipotentis
1746 3013 1794 3070 Dei
1803 3029 1868 3086 par-

223 3112 336 3183 gstrssis
347 3111 375 3167 in
385 3119 413 3166 rs
426 3109 621 3167 sublimitatem
635 3109 794 3166 meritorum
805 3107 905 3164 habeat
917 3108 943 3163 in
957 3121 1023 3163 oon·
1073 3101 1168 3158 venire
1180 3116 1235 3158 non
1245 3101 1424 3157 dubitandum
1436 3110 1479 3159 est
1491 3101 1569 3176 [Cnd.
1596 3102 1668 3169 Sci,
1683 3102 1776 3177 esset].
1793 3102 1885 3172 Qua·-

226 3209 321 3272 specta
333 3199 392 3256 liei.
1034 3153 1187 3267 Cpmpter
1211 3210 1274 3250 curn
1291 3195 1366 3254 omni
1393 3195 1531 3266 perdionls
1553 3196 1705 3252 bumilitate
1733 3196 1869 3268 meipsum

262 3291 325 3347 aiat
337 3290 421 3347 verba
439 3292 705 3364 masalesapientiae
718 3291 838 3358 condita,
851 3299 882 3347 ut
897 3292 931 3348 de
943 3299 1024 3350 teve-
1075 3286 1159 3341 etiam
1183 3285 1339 3358 unicnique,
1355 3293 1384 3342 et
1406 3286 1595 3344 communibus
1616 3287 1736 3343 omniurn
1755 3295 1783 3343 et
1805 3301 1872 3358 spe-

225 3381 333 3440 riatime
348 3382 470 3439 dicatur:
488 3383 689 3438 Eceeeocerdor
705 3382 1025 3454 magnos,poiindieias
1076 3375 1192 3433 cialibus
1223 3377 1417 3449 singulorum,
1446 3385 1577 3448 quantum
1609 3391 1671 3433 mea
1697 3376 1770 3433 valet
1798 3376 1872 3450 apud

227 3473 393 3547 maplmlt
407 3473 482 3541 lieo,·
496 3475 542 3546 qui
554 3473 738 3545 multiplicatis
749 3472 890 3546 dominicae
902 3473 1025 3544 pecuniae
1077 3473 1198 3522 votitam
1224 3466 1353 3536 nimiam
1380 3466 1556 3538 ᾶθιιιθθιῑῑθ»
1589 3467 1750 3524 fflmmffldo
1770 3469 1873 3524 oralio-

227 3566 338 3624 talentls
349 3567 466 3623 {lomina
485 3581 535 3622 sun
548 3578 693 3622 occurrere
714 3564 811 3636 dignus
830 3559 975 3631 habeatur,
998 3572 1040 3632 et=
1077 3558 1174 3624 nibus3
1200 3564 1231 3613 ut
1256 3572 1307 3629 per
1325 3565 1424 3615 vestrae
1447 3559 1602 3616 sanctitatis
1617 3573 1723 3631 preces,
1748 3576 1872 3617 meorum

228 3658 324 3715 audire
335 3673 431 3714 vocem
444 3655 665 3713 desiderabilem:
680 3655 755 3727 Euge
768 3671 839 3710 seme
850 3655 915 3710 bone
925 3665 950 3710 et
961 3653 1028 3726 pide·
1079 3650 1183 3708 cetenis
1193 3657 1370 3721 pcccatorum
1384 3651 1682 3721 absolutusvobiscum,
1695 3652 1798 3713 iratres
1808 3656 1875 3712 cba-

228 3746 272 3809 lia,
284 3747 356 3802 intra
366 3746 395 3802 ie
405 3747 532 3818 paediam
545 3742 652 3801 Domini
663 3745 714 3800 Dei
727 3746 767 3800 toi
780 3743 955 3818 (Maltino,
968 3746 1026 3822 il).
1079 3741 1190 3807 nahai,
1206 3743 1269 3798 vitae
1278 3740 1379 3811 ianuas
1390 3743 1494 3815 ingredi
1504 3759 1623 3802 merear.

229 3836 363 3910 Properat
375 3838 448 3894 enim
460 3838 519 3894 dies
533 3837 655 3904 ultimus,
670 3846 700 3894 et
711 3837 795 3893 mrito
809 3836 964 3909 pedelessa
986 3854 1030 3895 sa
1114 3829 1322 3888 dnobllissima
1335 3839 1492 3889 sanctorum
1507 3835 1652 3907 progenies
1665 3837 1780 3894 latrum
1792 3841 1799 3894 t
1813 3838 1878 3896 iiio·

229 3937 325 3986 nectus
342 3928 493 4001 ingreditur
502 3927 590 3985 cubile
603 3936 741 3994 nostmm;
755 3937 810 3984 stat
819 3928 854 3984 ad
865 3929 964 3985 ostium
983 3931 1029 4002 qui
1081 3935 1143 3975 illm
1166 3920 1279 3977 [Mili
1307 3921 1526 3995 imitabilisque
1554 3924 1619 3981 vllae
1646 3941 1820 3984 successores
1847 3937 1878 3987 et

229 4018 331 4091 pulsat,
346 4020 369 4075 si
387 4018 449 4076 leto
464 4020 555 4076 animo
569 4019 714 4075 adrentum
727 4020 812 4091 ipsius
837 4020 1028 4092 suscipiamus.
1083 4011 1349 4084 epulcherrimorum
1356 4014 1523 4071 habitatores
1536 4014 1656 4072 iocomrn
1667 4026 1821 4075 vestmmm
1832 4035 1877 4076 sc·

231 4109 296 4167 Dies
307 4117 373 4167 sont
383 4111 464 4182 pauci
485 4108 695 4174 labon'snostri,
713 4108 760 4164 sed
774 4108 844 4164 bene
860 4109 1030 4167 laborantem
1083 4101 1457 4175 (luimisslmfissill‘timms
1478 4112 1509 4160 lli
1519 4106 1553 4162 de
1570 4106 1615 4163 11¹⁸
1624 4107 1815 4179 pulcherrimis
1827 4110 1878 4167 lra-

232 4205 356 4276 setpnltur
382 4219 489 4261 merces
504 4203 564 4259 sine
589 4215 705 4256 numero
731 4199 854 4266 dierum,
879 4198 938 4267 eius
959 4202 1033 4259 ordi·
1083 4192 1259 4249 Ιιίῑῑῑὶθῐιὶδῦδ
1272 4192 1425 4260 idatium,
1448 4195 1494 4266 qul
1508 4211 1557 4252 *οι
1582 4206 1745 4269 senuerunt,
1766 4208 1878 4257 aterna

234 4297 347 4353 uadem
368 4294 417 4365 qai
436 4293 545 4348 ordinat
565 4290 638 4346 diem
658 4298 791 4345 aternum
809 4290 958 4346 secundum
976 4306 1034 4347 rna-
1084 4285 1259 4342 beatitudinis
1277 4287 1456 4353 consortium,
1480 4286 1508 4342 ln
1521 4287 1641 4345 coelesm
1663 4289 1740 4362 regni
1757 4289 1880 4361 pulcbri·

232 4387 286 4441 rita
302 4382 487 4456 singulorum
510 4381 538 4437 in
552 4379 630 4450 culus
658 4379 739 4435 domo
763 4378 918 4436 mansiones
942 4379 1034 4438 multe
1085 4377 1219 4443 tudinem,
1232 4376 1289 4432 lieo
1301 4376 1429 4443 donante,
1440 4377 1584 4448 pervenire
1599 4379 1767 4436 mereamini.

224 4483 315 4544 ιιιιιιι;
339 4474 388 4531 sed
399 4474 442 4530 ba
448 4489 543 4532 omnes
555 4473 658 4531 divitiis
667 4471 840 4529 felicitatiset
851 4472 935 4546 gloria
947 4474 1035 4532 beati-
1121 4470 1169 4526 ilci
1181 4470 1278 4526 discite
1287 4471 1359 4526 scire
1367 4478 1396 4528 et
1409 4471 1522 4543 implere
1535 4483 1682 4546 praccepta,
1694 4472 1738 4548 illo
1748 4471 1876 4529 dicente:

236 4565 338 4624 tudinis
356 4571 422 4621 suut
443 4563 539 4636 plena,
562 4565 608 4620 nbi
625 4564 712 4622 sancti
732 4573 794 4637 post
807 4566 888 4644 buius
911 4567 973 4624 vitae
987 4583 1035 4625 su·
1048 4514 1073 4575 ⁰
1085 4562 1117 4621 Si
1130 4563 1215 4619 riaod
1235 4564 1317 4619 ritant
1330 4564 1446 4635 irpredi,
1461 4580 1536 4621 aeroo
1554 4566 1682 4622 mandata
1695 4564 1803 4639 (idatii.
1815 4579 1881 4632 mx,

272 4670 576 4740 ⁸Edit.Qreroet.52,
590 4673 685 4731 Canis.
708 4673 854 4730 lboollata
876 4690 939 4732 cnm
951 4676 1032 4733 codd.
1084 4674 1203 4732 centiam
1232 4672 1354 4731 aemnlari
1382 4674 1451 4732 velle
1483 4671 1637 4744 videbatur,
1665 4675 1777 4733 wiliel.
1810 4673 1881 4732 ilai·

237 4756 304 4800 mss.
324 4740 423 4799 Salisb.
443 4752 471 4800 et
481 4742 511 4799 S.
538 4743 714 4800 Emmerami.
736 4744 821 4814 iirrjus
840 4744 1034 4818 fragmentum,
1084 4745 1171 4802 mesb.
1187 4744 1206 4799 l.
1221 4745 1269 4801 cit.
1282 4744 1632 4817 diopolrtodelrerrrvocatur
1645 4746 1722 4804 locus
1744 4747 1882 4820 quinqua·

239 4811 349 4871 abillis
373 4814 483 4870 verbis:
512 4813 714 4871 aniiliarirrto
741 4832 774 4885 pr
822 4816 877 4874 ries
891 4817 1035 4886 ιιιιῐιιοιιιι
1104 4818 1160 4872 inta
1170 4815 1206 4871 ab
1218 4814 1342 4872 Eboraco
1356 4814 1518 4872 milliaribus
1540 4816 1791 4889 disparatno;dsco
1805 4833 1835 4873 re
1855 4818 1885 4871 'n

239 4886 317 4942 bac:
333 4884 465 4954 pervenire
476 4885 630 4940 mereamini
646 4831 951 4941 recensetoilelilneimus
969 4885 1036 4941 blal-
1097 4885 1280 4954 umbrabatur,
1293 4886 1402 4958 quando
1415 4902 1476 4944 eam
1487 4887 1575 4944 beata
1585 4889 1727 4945 memorie
1738 4887 1829 4944 Wiiiri
1849 4902 1886 4944 ns

240 4955 363 5013 nesbur.
386 4954 426 5011 ite
450 4953 550 5011 Pontii.
577 4955 657 5028 Angl.
682 4955 728 5012 lib.
744 4972 786 5012 ιιι.
811 4954 901 5029 (Apud
914 4955 1034 5012 Frobea.
1087 4956 1267 5014 abeatissima
1281 4956 1450 5013 Etheldritba
1461 4957 1554 5029 regina
1567 4973 1618 5042 pro
1629 4957 1690 5015 aliis
1702 4958 1886 5042 possessioni·

241 5025 323 5098 epist.
338 5023 401 5082 ist.
1086 5029 1138 5084 bns
1156 5029 1342 5084 commutavit.
1358 5026 1397 5083 ibi
1416 5027 1530 5086 aedilicia
1544 5029 1646 5085 minaci
1665 5028 1810 5086 albmdine
1824 5043 1886 5084 ma·

277 5095 292 5138 l
308 5095 387 5168 197
402 5094 551 5152 AEdilderto
563 5096 694 5167 episcopo,
705 5104 759 5152 etc
775 5094 879 5153 Nomen
893 5096 1038 5155 AEdilberti
1088 5113 1181 5154 rorum
1193 5107 1297 5166 erecta,
1320 5105 1349 5154 ct
1360 5097 1476 5155 diversis
1499 5099 1667 5156 anfractibus
1689 5115 1739 5171 per
1755 5098 1888 5156 cochleas

242 5168 320 5224 deest
333 5164 864 5239 incodd.mssetapudCanisium;illud
878 5176 1038 5240 tamenpro-
1088 5168 1286 5234 circumducta,
1299 5167 1425 5224 mirabile
1443 5177 1574 5240 qurautum
1594 5168 1736 5241 expolivit,
1747 5169 1887 5226 arbitratu

243 5235 345 5294 ditura
359 5236 498 5295 ilalmesb.
513 5239 532 5293 l.
549 5239 596 5295 cit.
607 5238 636 5293 ln
654 5237 715 5293 cod.
728 5235 827 5294 salisb.
844 5237 1038 5311 abestquoqnc
1088 5233 1197 5310 quidem
1210 5239 1295 5293 multa
1307 5238 1429 5310 proprio,
1444 5239 1492 5294 sed
1510 5251 1538 5295 et
1553 5241 1802 5305 cementariorum,
1815 5253 1889 5310 quos

243 5321 342 5366 nomeu
357 5306 474 5374 alcuini,
487 5308 563 5380 ouius
586 5306 646 5366 loeo
657 5315 766 5364 exstant
775 5310 816 5364 bae
829 5306 943 5365 littere:
958 5325 1037 5378 emm,
1088 5324 1122 5364 ex
1136 5309 1223 5365 Roma
1243 5322 1305 5380 spes
1325 5308 1517 5365 munificentiae
1538 5317 1701 5378 attraxerat,
1714 5309 1887 5394 magisterio.

243 5375 353 5434 omissis
365 5377 494 5433 nimirum
503 5377 643 5437 vocalibus
655 5395 712 5444 aur,
727 5394 843 5450 quntum
857 5379 995 5436 additione
1009 5379 1040 5435 lit
1089 5379 1293 5449 Ferebaturqne
1317 5384 1383 5432 tunc
1404 5378 1431 5433 in
1453 5378 1554 5452 populo
1578 5379 1697 5447 celebre,
1720 5395 1774 5438 serv
1794 5381 1890 5451 tisana

245 5460 370 5503 aucnnru.
384 5446 635 5507 AEdilbertnsvero
655 5449 708 5506 luit
725 5450 923 5521 episcopnsila
960 5450 1039 5505 istai·
1089 5449 1172 5504 etiam
1191 5453 1234 5503 est
1258 5446 1382 5512 inditum,
1406 5461 1540 5520 nusquam
1563 5451 1638 5507 circa
1649 5451 1732 5523 Alpes
1783 5464 1890 5508 cesse

246 5516 337 5573 densis
351 5516 593 5584 inlinrtbumbria,
607 5520 694 5592 quiin
709 5535 743 5576 ea
756 5520 821 5575 sede
835 5522 907 5575 anno
938 5519 1041 5577 tritt·
1090 5517 1244 5575 adiciam.
1258 5516 1337 5573 Nunc
1397 5518 1509 5578 iiloma
1525 5522 1638 5578 veniunt
1659 5522 1732 5579 idem
1755 5520 1791 5577 ali
1842 5527 1888 5584 nt,

245 5586 314 5643 bero
343 5588 491 5655 successit,
519 5598 548 5645 et
574 5606 646 5647 anno
669 5589 722 5646 tat
746 5589 823 5645 obiit
847 5589 986 5646 ilovrnen.
1012 5599 1042 5646 et
1091 5587 1180 5658 utqui
1204 5586 1353 5663 iiaugustal
1372 5604 1466 5647 ensem
1487 5590 1619 5648 fabricam
1642 5593 1775 5658 vident,a
1824 5591 1891 5647 itio-

247 5654 339 5711 iiaur.
1091 5673 1152 5713 nem
1168 5656 1317 5716 Romanam
1330 5673 1362 5715 sc
1384 5661 1526 5734 imaginari
1541 5660 1655 5730 iurent:
1671 5664 1740 5722 adeo
1751 5671 1791 5720 tot
1817 5669 1892 5716 mm·
1937 5713 1944 5722 .

284 5721 551 5782 el’arlcirerriruormrr
567 5727 727 5782 inmemores
742 5728 871 5782 lacoraria.
888 5728 926 5784 lie
940 5726 1041 5796 lingui·
1091 5743 1187 5800 purum
1200 5736 1228 5786 et
1239 5729 1371 5787 bellorrnn
1389 5732 1493 5804 injuria
1517 5741 1680 5791 vetustatem
1694 5732 1816 5790 aediliciis
1830 5746 1889 5788 non

249 5791 527 5856 staldensiseeclesia
541 5793 725 5863 lubricaque
741 5797 890 5852 itomanam
916 5796 1041 5866 magnill-
1093 5799 1188 5855 tulere.
1205 5800 1341 5859 Carisius.
