4075 6192
209 342 265 400 m
634 330 664 383 tt.
684 329 714 382 F.
736 324 848 380 ttttttt‘t
867 323 932 379 SEU
951 315 1249 378 ALCUileoi‘ERilii
1267 313 1355 370 PARS
1366 314 1389 367 l.
1783 304 1837 362 686

209 421 432 521 qrmdcniissimas
453 437 586 510 sagaciter
604 404 682 508 [dod.
697 431 768 499 Sci,
784 428 993 503 prudentissima
1008 435 1032 490 Α
1046 426 1199 500 allegorias,
1212 432 1243 480 ut
1255 422 1384 478 studiosis
1395 419 1542 476 lectoribus
1554 417 1634 474 iaciie
1647 425 1691 475 est
1703 416 1838 476 insulsa

210 534 369 614 sagacitate]
383 531 501 589 excitare
513 527 581 585 solie
596 525 696 581 inueni.
711 524 768 579 imo
780 536 830 593 per
842 520 992 590 inquisitio
1046 518 1176 590 abyssus,
1187 515 1355 572 immensitas
1367 525 1514 582 aquarumt
1534 510 1658 581 abyssus,
1668 508 1844 581 profanatus

212 646 261 686 nes
273 625 371 701 [magis
382 623 493 684 docere,
517 633 598 689 quarn
614 617 735 688 ignorata
748 611 865 685 discere]
879 609 995 680 agnori3
1048 607 1264 680 seripturarum
1278 602 1412 677 [abyssus
1423 597 1678 668 tnctnbdnjmtcia
1689 597 1737 654 liei
1746 596 1839 664 (Prot.

210 719 273 791 quin
285 716 415 786 sapienter
424 712 594 780 interrogare,
604 707 696 762 docere
710 717 756 768 est,
767 702 850 759 veluti
863 702 891 757 in
901 707 999 756 restrae
1048 712 1129 762 sus,
1144 697 1172 762 ’1,
1185 705 1211 750 et
1224 694 1301 749 Rom.
1313 708 1352 758 ιι,
1361 690 1438 764 ibib
1453 690 1577 761 abyssus,
1592 689 1744 760 sapientia;
1760 687 1843 761 sirpe

211 802 380 861 auctoritatis
402 801 499 872 pagina
520 797 650 866 scriptum
672 793 842 864 reperimus;
869 790 915 846 ubi
938 797 999 860 post
1048 797 1106 851 sus,
1126 784 1209 840 eorda
1228 781 1369 838 bominum
1391 777 1542 850 signiticat;
1566 785 1595 833 et
1615 775 1702 831 multa
1723 776 1789 831 talia
1810 776 1842 832 iu

211 907 360 966 congruam
383 887 545 946 sententiam
569 883 687 940 veridico
709 895 835 938 sermone
858 887 998 934 exaratum
1050 872 1197 944 srmpmrn
1210 871 1311 927 sanetis
1325 870 1509 933 inveniuntur,
1530 882 1591 939 qum
1609 867 1759 923 seeundum
1773 883 1843 938 qna·

210 981 442 1055 perspeximus·:
466 995 475 1028 ι
498 975 649 1046 Cognoscat
673 972 757 1043 igitur
779 968 911 1024 industria
932 975 998 1031 tua,
1049 963 1139 1020 litatcs
1157 962 1275 1018 locorum
1293 961 1384 1016 namus
1397 959 1498 1015 babem
1519 957 1718 1028 intelligentias.
1744 955 1844 1013 &nmo

212 1074 228 1115 lt
240 1070 399 1129 charissime
413 1069 440 1123 iu
451 1066 559 1124 Christo
570 1071 730 1134 praeceptor,
743 1059 909 1130 propositam
924 1055 1001 1112 nobis
1050 1056 1156 1111 Domini
1169 1054 1360 1118 occinentem,
1373 1060 1401 1108 et
1414 1051 1531 1121 undique
1542 1048 1677 1121 perforari
1688 1057 1795 1121 potest,
1813 1059 1846 1108 et

211 1163 358 1234 aquodam
374 1175 427 1214 non
443 1157 554 1220 clerieo,
572 1153 620 1210 sed
635 1153 703 1207 laioo
719 1150 753 1206 de
767 1147 912 1221 Evangelio
927 1161 1001 1217 quae·
1051 1146 1106 1201 alta
1126 1144 1296 1217 profunditas
1318 1141 1507 1212 mysteriorum
1530 1139 1588 1195 bei.
1614 1139 1681 1207 Quis
1694 1140 1787 1195 omnia
1799 1154 1844 1196 so·

212 1256 341 1318 monem.
357 1251 401 1308 cai
416 1259 481 1305 tunc
496 1258 585 1303 tumen
599 1261 614 1300 a
628 1245 706 1300 nobis
720 1257 805 1314 usque
817 1240 869 1315 [in]
883 1251 1002 1312 presens
1051 1246 1126 1293 creta
1146 1235 1251 1291 iilomm
1273 1233 1434 1304 investigare
1452 1230 1562 1303 potesti
1584 1230 1668 1303 igitur
1685 1239 1716 1286 ct
1737 1230 1845 1302 gladius

212 1354 255 1402 cst
270 1344 351 1400 dilata
367 1339 525 1410 responsio:
545 1334 681 1404 Nonquia
696 1331 775 1402 justa
792 1330 864 1403 quod
883 1331 1001 1385 interro·
1052 1324 1198 1383 multifarie
1212 1322 1365 1395 signiticare
1377 1322 1494 1378 uidetur.
1514 1315 1583 1378 liam
1596 1330 1624 1377 et
1633 1331 1783 1378 uenenatas
1796 1320 1844 1376 iu·

213 1434 305 1507 gavit,
330 1427 494 1500 respondere
517 1440 570 1482 non
592 1424 810 1487 valuissemus‚s
837 1428 865 1476 et
888 1420 1001 1489 reliqua.
1052 1415 1172 1472 deorum
1190 1413 1394 1470 maledictiones
1412 1412 1439 1467 in
1454 1411 1592 1468 Christum
1606 1410 1775 1485 [signiilcat],
1796 1413 1845 1468 ubi

214 1522 284 1579 iere
303 1530 332 1577 et
352 1521 429 1575 ratde
450 1527 557 1591 gratum
576 1515 665 1571 habeo
684 1512 768 1568 laicos
788 1511 950 1582 quandoque
969 1508 1004 1564 ad
1053 1507 1138 1563 dicit:
1155 1504 1207 1573 oct
1220 1513 1379 1562 moruerunt
1392 1513 1421 1559 ut
1433 1503 1550 1574 gladium
1564 1503 1668 1574 linguas
1680 1502 1844 1576 srmffmi·

214 1614 384 1688 evangelicas
396 1611 545 1668 effloruisse
559 1606 760 1679 inquisitiones,
783 1604 846 1659 dum
861 1602 1004 1674 quemdam
1054 1617 1132 1667 ιιιιι,
1146 1600 1185 1670 l).
1201 1599 1291 1655 Etiam
1302 1608 1331 1655 et
1343 1605 1460 1655 mortem
1473 1596 1618 1670 significat,
1632 1597 1679 1653 ubi
1691 1597 1774 1653 dicit:
1791 1595 1844 1663 Qui

214 1707 305 1763 audiri
321 1706 411 1760 sirum
430 1702 589 1773 prudentem
605 1697 749 1768 aliquando
764 1695 874 1751 dicere:
894 1692 1006 1750 clerico·
1055 1689 1171 1747 liberasti
1181 1689 1268 1745 Dauid
1280 1705 1383 1745 sernum
1397 1699 1470 1744 taem
1483 1689 1516 1743 de
1528 1688 1617 1761 gladio
1630 1687 1745 1760 maligno
1755 1686 1843 1759 (Psoi.¹

215 1809 275 1851 rum
296 1807 357 1850 esse
376 1789 549 1862 Evangelium
565 1784 681 1859 [discere
694 1783 792 1856 (Edit,
806 1779 1001 1853 discerneren,
1021 1769 1214 1853 Besenniil).
1229 1779 1339 1837 Scilicet
1348 1787 1377 1835 et
1385 1778 1585 1835 tribulationem
1596 1778 1732 1851 passionis
1741 1776 1846 1834 Christi

214 1899 269 1942 non
283 1883 424 1938 laicorum.
450 1878 521 1947 Quid
540 1877 574 1932 ad
595 1875 674 1932 irasci
689 1873 786 1930 Omnis
798 1884 899 1945 tempas
910 1871 1006 1928 liabent
1055 1869 1199 1944 significat,
1212 1869 1257 1924 ubi
1268 1868 1349 1924 dicits
1359 1866 1394 1922 Et
1408 1876 1481 1923 teum
1493 1868 1576 1938 ipsius
1586 1867 1702 1922 animem
1710 1875 1847 1937 pertrans·

215 1972 316 2049 (Eceie.
329 1987 372 2038 tn,
393 1971 431 2043 1),
454 1980 483 2026 et
503 1983 574 2039 sape
588 1968 722 2038 posterior
744 1964 821 2021 affert
844 1966 910 2020 bora
934 1962 1007 2034 qnod
1055 1963 1102 2017 itit
1114 1961 1218 2035 gladius
1230 1960 1307 2035 ibae.
1322 1975 1355 2027 ιι,
1366 1960 1430 2034 35);
1444 1958 1470 2016 id
1487 1967 1544 2025 esti
1559 1959 1699 2016 tribulatio
1709 1958 1850 2031 passionis

215 2066 290 2139 prior
301 2080 354 2121 non
368 2069 485 2135 poterat.
505 2062 607 2118 Tamen
624 2063 676 2118 iste
691 2059 784 2123 laicus,
801 2058 925 2129 quisquis
939 2055 1005 2122 init,
1056 2054 1128 2111 iilius
1149 2062 1224 2110 taam
1247 2053 1383 2125 torquebit
1404 2052 1532 2107 animum.
1556 2051 1719 2107 Diuisionetu
1737 2063 1848 2121 quoqne

216 2156 323 2227 sapiens
334 2162 376 2210 est
386 2154 478 2218 eorde,
489 2152 540 2208 etsi
551 2151 675 2208 manibus
686 2149 773 2212 miles,
786 2147 880 2217 quales
889 2154 1007 2202 vestram
1056 2147 1206 2221 significat,
1228 2147 1275 2203 ubi
1296 2147 1379 2203 dicit:
1396 2145 1458 2202 Nost
1480 2146 1538 2201 seni
1560 2145 1662 2200 mittere
1674 2157 1776 2216 parem
1799 2142 1847 2198 teti

217 2243 442 2315 sapientissimam
457 2241 647 2297 auctoritatem
662 2238 905 2311 plurimoshabere
919 2235 1007 2310 [decet
1056 2236 1292 2310 gladiumiiisttir.
1307 2253 1334 2302 ι,
1349 2235 1411 2310 11);
1439 2235 1467 2292 id
1489 2243 1551 2302 est,
1573 2248 1702 2307 separare
1721 2233 1848 2291 bonms

217 2334 315 2408 (Edit,
329 2331 442 2406 debetss.
461 2331 514 2388 Sed
527 2333 562 2387 ad
575 2332 777 2403 responsionem
790 2328 1008 2401 interrogationis
1056 2326 1146 2384 maiis.
1170 2327 1225 2384 Sed
1237 2326 1288 2401 [et]
1299 2327 1419 2386 vindicte
1441 2326 1523 2400 gladii
1547 2327 1655 2383 omnine
1678 2325 1847 2397 intelligitur,

217 2434 355 2482 vertamus
367 2424 478 2497 stylum,
492 2424 526 2479 ad
538 2421 757 2479 satisfaciendum
771 2418 938 2492 inquisitoris
950 2420 1009 2476 ani·
1057 2419 1103 2476 ubl
1113 2419 1230 2492 iegitur:
1245 2419 1306 2475 iios
1316 2420 1385 2475 enim
1396 2418 1496 2490 [matra
1507 2418 1623 2491 gladium
1636 2427 1740 2490 portem
1755 2418 1851 2474 rista

216 2532 273 2584 nro,
292 2517 314 2574 si
335 2524 425 2573 tamen
440 2523 533 2572 nostra
547 2514 667 2586 partitas
681 2520 737 2568 tam
753 2511 887 2584 preclaro
900 2509 1008 2583 ingenio
1057 2520 1095 2567 est
1108 2511 1177 2566 eninr
1195 2510 1224 2565 irs
1241 2526 1285 2567 eos
1300 2510 1346 2582 qai
1359 2519 1501 2582 operantur
1514 2508 1613 2565 maium
1626 2508 1717 2582 (Rom.
1731 2525 1793 2574 ιιιι,
1805 2508 1849 2581 dir

218 2607 376 2665 satisfacere
388 2606 470 2663 salet.
1057 2602 1192 2662 iudicium
1206 2618 1313 2676 quoque
1326 2604 1375 2660 bei
1388 2602 1469 2676 gladii
1483 2603 1592 2658 nomine
1609 2601 1708 2675 iegitur
1720 2601 1849 2673 designs«

252 2700 423 2757 lindusrero
436 2698 581 2770 preposite
594 2692 760 2768 quaestionis,
774 2694 857 2751 velmi
870 2695 898 2750 in
911 2700 1009 2749 uestrae
1059 2707 1116 2755 tum
1138 2711 1146 2751 t
1171 2693 1321 2751 inebriatus
1345 2704 1382 2751 est
1405 2696 1433 2750 is
1457 2693 1521 2750 celo
1543 2693 1647 2767 pindiss
1669 2709 1742 2749 mersa
1767 2692 1848 2766 (issi.

217 2787 384 2847 excelientia
407 2786 506 2844 litteris
529 2787 640 2852 inveni,
671 2785 826 2856 hujusmodi
847 2784 1011 2842 constrictus
1059 2786 1207 2859 ιιιιι,5).
1231 2786 1394 2857 itemque,
1417 2785 1554 2842 Emesam
1576 2794 1605 2840 ιιι
1627 2784 1849 2858 [sigurgtadlass

218 2880 279 2945 init,
295 2887 325 2935 ut
338 2878 433 2935 eadem
446 2891 578 2948 ponemus
590 2877 672 2932 rerba
685 2891 747 2947 qum
759 2877 789 2931 in
803 2873 857 2931 iilis
869 2874 988 2946 legebam
1001 2883 1008 2928 t
1059 2894 1156 2944 mum,
1169 2887 1195 2933 st
1206 2887 1265 2949 eget
1271 2877 1403 2949 judiciem
1416 2892 1509 2931 manas
1522 2892 1580 2930 mea
1593 2874 1684 2947 (lieet.
1694 2886 1780 2941 ιιιιι,
1789 2873 1849 2945 tt).

222 2989 232 3025 ι
247 2971 297 3029 list
316 2970 389 3027 enim
402 2969 479 3025 locus
491 2964 629 3040 Evangelii
648 2969 795 3024 secundum
817 2963 917 3023 Lucam
932 2964 1008 3039 (Gap.
1060 2970 1096 3026 Et
1105 2968 1184 3041 iuste
1195 2967 1362 3040 Apostolum,
1375 2967 1487 3023 uerbum
1500 2966 1547 3023 liei
1564 2965 1720 3038 intelligitur
1732 2964 1851 3037 gladirsr

217 3075 287 3127 nn.
297 3059 343 3126 511,
355 3059 401 3126 38,
411 3058 469 3129 tt),
477 3058 523 3114 ubi
537 3057 666 3114 Dominus
676 3057 800 3115 Christus
811 3058 845 3112 ai
855 3057 1009 3129 passionem
1097 3060 1151 3118 Sed
1163 3059 1277 3117 iorsitan
1290 3058 1334 3116 ilie
1345 3055 1441 3124 laicus,
1451 3059 1498 3129 qui
1509 3057 1537 3112 in
1549 3072 1603 3113 uno
1614 3056 1717 3113 solebat
1725 3070 1855 3128 pugnare

218 3159 361 3216 venturus,
385 3149 506 3205 unicam
526 3163 559 3206 ac
579 3163 673 3222 peram
687 3148 818 3213 vendere,
839 3110 1047 3219 gladiumquec
1061 3151 1161 3225 gladio,
1175 3166 1258 3207 unam
1273 3165 1336 3207 eura
1348 3149 1462 3221 putabat
1475 3149 1575 3206 babere
1588 3149 1851 3220 interpretationem,

219 3254 314 3297 emere
334 3238 480 3311 discipules
498 3238 589 3308 iussit.
612 3238 663 3296 cm
682 3254 745 3295 mm
759 3253 919 3310 responsum
939 3245 1013 3294 esset
1062 3256 1116 3298 noe
1134 3242 1310 3298 mnsideraoa
1329 3240 1404 3296 illust
1425 3240 1530 3312 ipsum,
1553 3254 1636 3311 quem
1657 3254 1739 3296 manu
1757 3247 1852 3307 tonet,

218 3327 298 3385 binos
311 3329 348 3386 ibi
360 3342 424 3385 esse
436 3328 550 3401 gladios,
564 3329 642 3395 dixit,
657 3329 724 3384 satia
735 3343 806 3386 esse
825 3328 945 3396 Quonrm
958 3345 1012 3385 uno
1062 3333 1208 3404 ancipitem
1219 3345 1298 3387 esse:
1318 3331 1347 3385 iu
1360 3344 1414 3400 qm
1426 3339 1453 3385 et
1468 3329 1579 3385 inimica
1591 3329 1673 3384 ritu
1687 3327 1795 3384 nieme
1805 3325 1855 3385 ni*

218 3416 331 3477 Petrum
349 3419 376 3476 in
396 3418 562 3475 metuamus
579 3418 706 3476 auneolae
718 3409 815 3492 belchi
836 3433 913 3474 usum
928 3417 1013 3474 inisse
1062 3423 1138 3489 titan,
1163 3431 1193 3478 et
1215 3437 1293 3478 susm
1317 3419 1462 3477 defendere
1484 3419 1593 3492 gaudet
1618 3418 1681 3476 ideo
1702 3419 1852 3476 muudum

218 3518 366 3584 putamus:
386 3509 435 3567 Cui
455 3516 484 3566 et
504 3517 568 3566 tunc
586 3523 603 3566 a
622 3507 849 3566 Domiundictum
862 3516 924 3564 est:
940 3508 1012 3563 crs·
1062 3511 1143 3568 aliam
1166 3510 1392 3583 significationem
1413 3510 1440 3566 in
1463 3508 1589 3565 liattbeo
1611 3508 1740 3565 Dumium
1762 3508 1854 3565 disits

220 3611 290 3659 terte
302 3600 420 3674 gladium
433 3612 507 3656 trtsst
525 3600 554 3654 irs
567 3601 699 3671 copinam.
718 3597 813 3655 Onmes
828 3599 897 3653 enim
909 3598 955 3670 qui
968 3615 1013 3653 ac·
1063 3602 1213 3675 omnesqui
1223 3602 1367 3674 ncuperint
1378 3601 1506 3673 modim,
1516 3600 1605 3672 plodio
1615 3597 1851 3673 peribsmfflnttii.

223 3691 337 3762 &vetiti
358 3689 485 3762 siddim
504 3688 594 3760 910150
608 3689 728 3760 imm
742 3687 851 3760 (flui-
866 3702 941 3752 ull,
954 3686 1011 3760 tat.
1062 3709 1138 3758 sxrr.
1149 3692 1206 3767 52).
1232 3691 1314 3748 iusta
1336 3691 1416 3748 aliam
1428 3707 1494 3749 seru
1508 3693 1535 3747 in
1548 3691 1640 3748 buce:
1658 3690 1711 3748 Sed
1725 3707 1794 3746 sune
1806 3691 1855 3762 qai

222 3782 363 3851 Quomodo
376 3783 427 3837 sibi
440 3780 652 3855 eonvenitidod.
665 3780 735 3848 Sei,
746 3779 911 3853 ιοιιιιιιίιι),
925 3789 955 3836 nt
967 3783 1013 3856 qni
1061 3784 1387 3851 instrumentumque
1402 3784 1525 3840 similiter
1534 3793 1559 3838 et
1572 3799 1672 3856 perses.
1691 3782 1727 3838 lt’t
1740 3783 1786 3855 qui
1799 3796 1856 3838 nort

222 3873 414 3929 tuncuendere
430 3874 563 3940 tunicam,
584 3888 674 3929 emere
694 3869 812 3945 gladium
830 3872 967 3943 jusserat,
990 3874 1013 3929 is
1062 3878 1154 3942 debet,
1176 3875 1270 3932 nendm
1284 3876 1401 3931 tunicum
1419 3890 1495 3929 ssent
1516 3886 1539 3930 et
1560 3885 1629 3930 emat
1642 3873 1760 3945 gladium
1775 3869 1851 3946 (Lus.

222 3962 314 4019 statim
329 3963 492 4034 accipientes
506 3963 624 4035 gladium
637 3963 726 4034 gladio
738 3963 841 4019 diceret
859 3975 920 4020 esse
940 3964 1013 4036 peri·
1063 3984 1130 4034 ssn,
1143 3969 1200 4035 56).
1224 3959 1277 4024 ls'te
1291 3980 1356 4023 vero
1373 3956 1479 4039 gladius
1492 3957 1599 4021 ridetur
1611 3964 1637 4020 ei
1651 3962 1795 4036 placuisse,
1808 3961 1855 4018 ilis

224 4054 323 4111 turuel
341 4054 373 4111 Si
385 4054 490 4126 giudiss
502 4066 540 4111 est
553 4056 657 4112 seriem
671 4055 719 4111 liei
735 4055 842 4129 (Epircs.
856 4073 895 4123 cr,
908 4056 964 4130 ii),
987 4064 1015 4112 ct
1063 4059 1154 4131 itaque
1171 4055 1350 4130 displicuisse.
1374 4057 1437 4113 ldeu
1451 4051 1525 4113 mum
1539 4055 1659 4114 conuerti
1674 4045 1702 4112 in
1715 4049 1852 4128 vaginam,

224 4146 353 4202 Dominus
377 4145 455 4216 181
479 4147 588 4215 quando
609 4145 728 4216 gladium
750 4159 842 4202 ornere
865 4148 1013 4218 praecepit,
1062 4148 1144 4205 istum
1156 4148 1211 4204 enti
1223 4148 1362 4220 praecsptu.
1388 4146 1492 4204 idcireo
1506 4145 1659 4219 diligentius
1678 4138 1855 4202 consideran·

222 4235 335 4291 verbum
345 4234 394 4288 bei
403 4233 582 4305 signiticarit3
596 4236 733 4305 quomodo
743 4236 916 4306 congmit‚nt
926 4240 1014 4295 omnis
1062 4240 1126 4296 dum
1140 4247 1183 4295 est
1196 4238 1260 4310 quid
1274 4246 1387 4310 uterque
1401 4237 1549 4310 signiilcet:
1571 4244 1599 4294 et
1611 4235 1682 4292 sacri
1695 4245 1853 4293 sanctonrm

223 4325 269 4396 qui
291 4322 408 4393 accipiat
419 4323 532 4379 verbum
552 4322 612 4389 Ilei,
627 4322 711 4379 serbo
730 4323 778 4380 bei
792 4326 932 4396 pereatis
960 4325 1014 4384 Sed
1062 4330 1173 4386 Patrum
1185 4328 1339 4402 proierendl
1354 4337 1416 4386 sunt
1429 4342 1535 4395 sensus,
1550 4342 1584 4384 ne
1597 4327 1661 4399 quid
1674 4334 1767 4383 nostra
1778 4324 1854 4400 [par-

223 4412 312 4469 iacilis
322 4421 366 4468 est
378 4411 488 4480 solutio,
508 4414 533 4470 si
553 4413 719 4485 singulorum
732 4414 920 4471 consideratur
932 4429 1014 4472 evan-
1063 4420 1134 4476 vitas
1146 4417 1212 4491 idi..
1230 4417 1374 4493 pravitasi]
1388 4426 1601 4490 presumptuose
1613 4416 1703 4473 dicere
1715 4415 1855 4471 rideatur,

223 4502 379 4575 gelistarum
392 4503 456 4559 huic
468 4503 528 4562 ioco
540 4506 755 4573 circumstantia
768 4514 797 4561 et
809 4504 923 4563 diversae
934 4507 1013 4563 intel·
1062 4509 1109 4565 ilie
1121 4523 1187 4564 sero
1201 4509 1305 4580 gladius
1323 4508 1471 4565 secundum
1485 4507 1640 4564 ilattlraeum
1651 4505 1795 4562 vindictam
1810 4501 1855 4562 in·

222 4592 434 4667 liganturglaiii
455 4597 674 4669 significationes.
700 4597 759 4655 lion
779 4600 852 4655 etnim
874 4600 1016 4671 aeqtraiiter
1059 4601 1194 4671 juriarum
1207 4612 1364 4659 nostrarum
1377 4602 1533 4676 intelligitur
1545 4595 1697 4675 designare,
1710 4616 1792 4674 quam
1805 4605 1857 4673 qui

222 4684 323 4757 ubique
344 4686 449 4759 gladius
468 4688 613 4760 signidest
638 4690 752 4764 litaque,
772 4693 843 4749 sicut
861 4693 916 4750 beo
935 4693 1015 4750 aliter
1063 4694 1229 4764 exsequitur,
1250 4695 1278 4749 in
1299 4694 1356 4750 suis
1373 4693 1511 4765 periturus
1533 4695 1588 4750 erit
1608 4693 1773 4762 sceleribus.
1794 4693 1855 4767 ipsa

223 4774 381 4850 significat}
403 4778 449 4835 ubi
468 4779 585 4836 dicitnr:
606 4779 674 4836 licre
688 4783 748 4838 sicit
760 4783 800 4837 teo
812 4783 846 4839 de
859 4784 929 4839 niis
940 4785 1014 4839 lado
1063 4780 1168 4837 tb'cente
1180 4780 1320 4836 veritate:
1341 4781 1365 4835 si
1383 4797 1436 4835 non
1459 4777 1611 4836 remiseritis
1627 4781 1777 4838 inminibus
1792 4798 1854 4853 pes-

224 4866 317 4940 (Apoc.
330 4884 358 4935 ι,
377 4867 424 4942 5);
449 4869 529 4926 aliter
548 4870 594 4926 uhi
617 4872 734 4928 dicitur:
753 4871 852 4927 Circuit
868 4876 943 4943 qnasi
960 4873 1012 4941 ieo,
1062 4884 1124 4928 cata
1132 4889 1191 4937 sun.
1204 4888 1249 4927 nee
1261 4871 1342 4927 Peter
1350 4881 1432 4928 uester
1440 4869 1548 4928 coeicstis
1557 4869 1668 4928 dimittet
1679 4873 1749 4929 coiis
1759 4873 1857 4929 delicto

223 4972 431 5029 gemensquem
445 4957 761 5031 decoret(1Petr.s,8).
777 4960 823 5017 ilie
836 4959 878 5016 leo
889 4960 1014 5018 Christus
1062 4970 1148 5017 restra
1162 4959 1259 5033 (liare.
1273 4976 1312 5024 st,
1325 4958 1381 5033 sul.
1407 4958 1578 5033 Quapropter
1595 4968 1624 5016 et
1640 4959 1715 5018 hunc
1732 4961 1856 5018 conserti

222 5052 280 5112 est;¹
293 5045 355 5113 iste,
368 5045 512 5102 diabolus:
527 5047 579 5104 etsi
592 5049 693 5106 eisdem
706 5049 843 5106 scribatur
852 5050 951 5110 litteris
960 5051 1012 5119 leo,
1063 5053 1092 5108 in
1100 5051 1225 5123 saginam
1237 5051 1328 5107 cordis
1339 5049 1471 5121 precipit,
1485 5058 1516 5105 ut
1528 5049 1575 5117 ibi,
1582 5048 1660 5120 iusta
1671 5046 1857 5123 evangelicam

223 5150 277 5191 non
299 5145 391 5192 umen
411 5138 513 5195 eisdem
532 5141 657 5213 congmit
673 5141 923 5214 signttcauontbus.
945 5145 1014 5203 llam
1063 5146 1179 5202 duomm
1201 5156 1342 5200 serrorum
1366 5141 1523 5215 parabolam
1546 5140 1622 5216 (bae.
1646 5159 1695 5210 nr.
1718 5141 1750 5200 11
1775 5141 1858 5216 ιαμ),

223 5236 252 5282 et
272 5229 388 5300 abyssus
408 5229 437 5285 in
457 5228 605 5302 Scripturis
626 5233 729 5289 sanctis
750 5234 912 5291 multifarias
933 5236 1016 5294 babet
1063 5235 1249 5306 unusquisque
1259 5234 1381 5291 remittat
1389 5232 1467 5290 iratri
1480 5248 1530 5291 suo
1542 5235 1576 5291 de
1584 5235 1666 5293 corde
1678 5249 1737 5292 suo.
1752 5231 1787 5292 Et
1796 5234 1861 5292 irasc

261 5381 333 5438 ·tttc
344 5380 405 5439 dnis
418 5393 461 5440 est
470 5386 591 5457 episcotae
605 5389 677 5460 apud
686 5388 834 5447 pauidum,
1065 5364 1166 5449 tietdo
1179 5361 1258 5446 (olins
1271 5364 1333 5436 199)
1346 5362 1453 5422 tilcuini
1472 5364 1506 5421 ad
1529 5363 1630 5422 iratres
1655 5364 1861 5431 Bmmeenses,

260 5449 486 5509 b(Iirrrrissirnein
498 5453 602 5514 Cirristn
614 5470 766 5532 preceptor.
789 5461 829 5518 Es
851 5461 905 5527 bis.
930 5462 1016 5533 ipsius
1065 5435 1158 5490 ΨΜ
1169 5441 1266 5489 ⁰²⁰¹‘2

226 5517 315 5574 Caroli
331 5521 395 5602 imp.
422 5523 603 5593 condensitas,
623 5527 802 5586 oontirmatur
830 5532 1028 5587 testimonium·

227 5586 384 5660 Eginirardr‚
399 5594 535 5649 narrantis
547 5595 672 5651 Carnium
687 5599 714 5653 in
738 5601 845 5655 steteris
863 5599 1014 5672 disciplinis
1126 5566 1516 5690 &lphnflssg'ssssf‘gffi'o‘ssffi
1526 5571 1782 5685 ffifflffipu'f'

228 5660 418 5724 (preterquam
449 5661 476 5713 in
504 5665 693 5744 grammatica)
720 5667 1014 5750 diculnunttltebuisse
1126 5690 1342 5749 suntionrttuu
1359 5695 1459 5746 mdumt
1473 5699 1832 5758 perprattsequentem,rte.

227 5731 431 5795 preceptorem.
443 5727 501 5792 Quo
511 5740 591 5785 otram
602 5743 824 5801 spectaatvcrsus
834 5751 1010 5807 epigramma·
