4075 6192
162 352 201 413 ne
500 380 503 385 «
701 352 732 409 a.
752 351 784 409 r.
798 348 911 409 uentu
931 351 998 411 snu
1016 351 1269 429 assumturus
1765 357 1801 416 ro

163 465 958 619 &dedissetdedisses
972 465 1800 622 ⁸titiiitttt‘ltls„ii⁰¹lidl·.iiltiili¹l:

163 625 231 667 rero
242 610 327 664 etiarn
353 607 435 674 iuret,
450 615 481 662 ut
499 606 644 678 principes,
661 606 773 679 aliaeque
788 605 959 662 subbmrores
1009 604 1709 683 bellnm,secnndnrnvestrae1ussiomspraeceptum
1722 615 1802 672 robis

162 694 289 752 persone
299 678 375 733 lrisoe
387 677 552 741 doctoribus,
568 677 738 740 masilianis,
761 691 794 732 ac
807 676 959 732 motlerato·
1008 675 1153 742 directum,
1167 676 1279 733 auribus
1292 678 1430 746 sapientiae
1446 688 1543 735 restrae
1558 681 1666 737 recitari
1677 681 1799 740 lecistis:

163 752 253 814 ribus,
263 763 299 805 es
372 763 390 803 o
402 747 582 818 potentissimi
595 748 667 819 regis
681 755 710 804 et
727 745 899 816 imperatoris
907 744 958 801 iia·
1008 754 1037 800 et
1049 746 1121 814 quod
1134 747 1222 801 notari
1236 743 1357 813 iussistis
1371 757 1464 803 errata
1478 749 1549 804 illius
1561 758 1589 805 et
1609 751 1753 811 remisistis
1765 756 1801 811 ad

162 819 226 885 mli,
244 819 391 875 bonmors
416 832 497 873 aures
518 818 681 888 preberent,
705 830 807 887 eosque
830 816 959 871 adversus
1008 815 1214 887 corrigendum
1226 816 1351 886 quamvis
1368 833 1384 871 a
1400 818 1477 873 robis
1490 818 1587 875 melius
1599 823 1736 879 emendari

162 888 312 946 malevolos
322 896 565 945 susurratoressua
575 887 737 944 auctoritate
746 885 869 944 sormi
877 893 958 956 atque
1008 886 1116 952 tuisset,
1130 886 1193 955 qnia
1207 884 1457 956 alteriusjudicium
1473 887 1500 941 in
1515 889 1634 958 quolibet
1648 907 1732 964 opere
1740 910 1759 976 p
1769 907 1802 949 us

259 968 348 1015 erent,
1008 954 1158 1026 sepissime
1169 956 1251 1021 ralet,
1264 971 1344 1027 quam
1355 957 1458 1027 proprii
1472 958 1601 1015 auctoris.
1616 959 1679 1016 »lta
1693 964 1801 1029 scribit,

198 1029 242 1086 Gi.
269 1028 313 1084 vl.
340 1029 382 1085 Ex
405 1029 458 1094 bis,
473 1042 533 1098 qnae
552 1025 655 1081 devita
669 1025 741 1083 beati
754 1024 844 1083 Flacci
867 1025 957 1083 Albini
1008 1025 1046 1080 ita
1063 1026 1138 1080 dese
1160 1026 1298 1081 humiliter
1319 1026 1403 1082 sentit
1425 1042 1539 1099 magnus
1560 1028 1607 1083 ille
1626 1032 1801 1088 scientiarum

162 1114 212 1155 seu
222 1099 330 1154 Alonini
345 1100 485 1169 bucusque
497 1113 530 1152 ur
545 1096 611 1179 ipsis
624 1095 696 1153 illins
708 1098 816 1168 scriptis
825 1096 958 1167 Operibus
1007 1095 1128 1176 omnium
1139 1104 1314 1161 restaurator,
1323 1103 1351 1150 et
1364 1097 1529 1169 integrarum
1544 1099 1685 1155 nationum
1697 1103 1803 1172 primns

161 1170 338 1225 commentati
363 1183 467 1233 sumus,
481 1166 592 1238 intelligi
615 1174 705 1237 potest
731 1183 785 1222 non
808 1167 958 1223 immeritas
1007 1174 1137 1234 magister
1153 1166 1293 1223 Alcuittus.
1311 1165 1419 1222 Utinam
1434 1167 1486 1224 bac
1497 1169 1629 1225 modestia
1644 1171 1803 1240 predities-

160 1253 222 1294 esse
234 1238 330 1294 laudes
350 1254 418 1308 quas
431 1239 458 1293 in
472 1239 559 1309 ipsum
572 1237 746 1294 contulerunt
758 1248 863 1293 veteres
871 1244 902 1291 et
915 1251 958 1290 re·
1007 1243 1069 1293 sent
1078 1235 1200 1291 moderni
1212 1236 1333 1307 plerique
1342 1237 1509 1294 doctoresac
1520 1239 1676 1310 scriptores,
1686 1241 1734 1311 qni
1743 1257 1803 1298 sno

160 1309 297 1367 munseo
303 1310 463 1380 scriptores,
476 1322 590 1378 qnorum
603 1307 756 1363 testimonia
765 1315 847 1378 atque
858 1305 956 1377 elogia,
1007 1319 1069 1361 rum
1081 1320 1209 1361 sensnum
1221 1306 1303 1362 etiam
1313 1307 1340 1361 in
1354 1308 1468 1362 materia
1486 1308 1625 1380 religionis
1637 1325 1670 1366 ac
1680 1326 1801 1378 murram,

161 1377 305 1450 postillius
316 1380 401 1434 vitam
413 1379 447 1433 ab
458 1393 529 1433 anon
549 1390 594 1430 mo
606 1391 698 1432 onero
709 1386 764 1433 eta
778 1377 813 1432 cl.
827 1376 859 1431 b.
874 1374 958 1442 Quer-
1007 1375 1075 1430 adeo
1095 1383 1205 1458 eneces
1227 1384 1300 1439 sunt,
1316 1383 1347 1432 ut
1363 1387 1589 1448 necapotestate
1605 1380 1801 1447 ecclesiastiea.

160 1456 258 1531 ostano
269 1449 446 1531 descriptam,
472 1392 651 1519 proderemus.
669 1447 738 1502 illud
752 1462 817 1503 tero
839 1446 957 1529 manime
1006 1446 1324 1530 necacrrtliseeorrigi
1365 1447 1802 1534 artantur3uttaanyemertan

159 1515 956 1668 ilitiilttiililitlltldr,iiiiiiit
1006 1523 1315 1670 abstulistis
1334 1516 1760 1662 ,nlililiiiilit‘tid
1774 1530 1804 1577 ‘¹

159 1672 223 1713 curn
233 1672 331 1728 magna
347 1657 498 1714 bumilitate
512 1674 545 1714 ac
558 1655 689 1712 modesta
702 1671 824 1712 censuras
839 1656 955 1710 altorum
1006 1662 1105 1712 testate
1125 1665 1154 1713 et
1177 1666 1339 1713 auctoritaie
1354 1667 1506 1725 uterentur,
1519 1675 1552 1715 ac
1569 1660 1732 1730 scriptorum
1752 1606 1804 1717 εἰ

159 1728 315 1799 subjiceret.
329 1728 452 1784 ltaenim
472 1727 567 1784 scribit
578 1727 605 1781 in
621 1728 700 1798 epist.
715 1726 749 1781 lii
760 1729 844 1793 (nunc
853 1725 899 1799 82)
913 1740 956 1781 re-
1006 1724 1122 1781 'nsmodi
1136 1728 1299 1784 audaciaeac
1312 1737 1454 1810 praetensae
1466 1730 1600 1786 sentiendi
1612 1731 1802 1803 scribendique

159 1798 302 1868 sponsorio
328 1799 363 1854 ad
375 1798 504 1855 murnum
523 1812 637 1868 regern:
654 1815 663 1850 r
681 1796 758 1865 Quod
770 1811 835 1852 tero
853 1796 882 1851 in
901 1794 955 1850 line
972 1741 1125 1879 giibertati
1144 1797 1246 1853 severis
1269 1796 1374 1922 '‘fflhm
1394 1799 1545 1882 obviarent,
1559 1799 1717 1871 libellosque
1736 1801 1802 1857 reli-

158 1867 280 1936 epistole
292 1867 462 1923 familiariter
473 1878 501 1923 et
516 1868 662 1924 salubriter
675 1883 718 1923 me
732 1868 879 1923 admonere
903 1881 953 1921 cu·
1007 1880 1080 1937 grom
1091 1866 1170 1922 srmnl
1182 1882 1216 1923 ac
1234 1881 1304 1923 mort
1322 1883 1355 1923 us
1367 1877 1507 1935 exitiosos,
1519 1871 1618 1940 quibus
1631 1871 1802 1927 subditorum

159 1939 251 2002 rastis,
265 1946 297 1992 ut
315 1938 417 2007 siquid
437 1938 573 1994 humiliter
584 1937 782 1993 emendandum
806 1937 852 2002 sit,
868 1935 955 1992 corri-
1007 1944 1113 1992 mentes
1135 1937 1272 2007 cormmpi
1296 1951 1408 1993 necesse
1421 1945 1474 2003 est,
1489 1938 1673 2008 eliminarent,
1694 1948 1723 1996 et
1743 1937 1803 2010 ianr

157 2016 260 2077 gatar:
277 2023 416 2079 nunquam
434 2008 483 2074 lui,
507 2008 562 2064 beo
587 2008 715 2073 donante,
731 2008 758 2062 in
784 2021 878 2062 errore
892 2020 954 2062 meo
1006 2006 1052 2060 vul
1072 2016 1131 2063 atos
1143 2007 1276 2077 supprimi
1285 2014 1367 2077 atque
1380 2009 1457 2064 exuri
1468 2008 1610 2079 juberent!

156 2078 296 2146 pertinax,
312 2093 364 2135 nec
373 2078 406 2134 de
420 2078 489 2134 meis
499 2077 649 2134 conlidens·
661 2078 799 2144 sensibus;
815 2092 866 2133 nec
878 2075 952 2142 talis,
1066 2091 1106 2132 aec
1127 2086 1198 2140 sunt,
1212 2077 1320 2147 quande
1339 2078 1395 2132 vita
1408 2078 1481 2135 beati
1502 2079 1610 2135 Alcuini
1623 2081 1802 2137 commentari

156 2153 187 2199 ut
199 2147 307 2202 meliori
316 2147 544 2205 sentemiaelacile
554 2150 727 2218 acquiescere
735 2162 790 2202 non
797 2147 951 2204 valerem...
1005 2146 1085 2201 nobis
1098 2147 1187 2212 libuit,
1199 2155 1227 2202 et
1238 2146 1323 2202 licuit.
1340 2144 1421 2202 Plura
1436 2148 1488 2202 alia
1499 2150 1553 2205 bac
1575 2150 1739 2219 pertinentia
1761 2149 1803 2205 ln·

157 2216 207 2272 boc
217 2218 330 2273 omnino
342 2227 462 2273 uestram
475 2220 577 2275 sentire
588 2219 748 2289 sapientiam
761 2218 887 2282 obsecro,
897 2231 952 2272 noa
1005 2217 1127 2272 dustrius
1138 2217 1222 2273 lector
1232 2217 1259 2272 in
1271 2217 1381 2272 monitis
1394 2219 1512 2287 prteriis,
1523 2234 1584 2290 quae
1594 2220 1707 2292 singidis
1718 2234 1803 2291 prope

156 2286 233 2343 robis
246 2288 325 2359 qnasi
346 2289 487 2356 nescienti,
502 2290 550 2346 sed
568 2290 645 2359 'quasi
670 2288 794 2361 probanti
808 2288 949 2353 scribere3
1003 2288 1142 2358 opusculis
1155 2287 1344 2357 praemisimus,
1360 2288 1487 2359 reperiet.

157 2370 206 2411 uec
227 2359 307 2428 quasi
322 2359 469 2430 ignoranti,
489 2360 538 2415 sed
563 2360 650 2431 ntagis
670 2358 817 2430 corrigenti
834 2358 952 2427 dirigere

428 2580 637 2698 ΒΕΑΤΙ
679 2578 933 2697 Fundet
978 2571 1269 2690 incultu
1314 2572 1512 2693 Vtin.

203 2782 393 2847 neaeram
408 2780 515 2845 altrea
529 2801 587 2845 m.
602 2787 716 2843 saaca
731 2779 843 2846 narse
859 2774 1036 2840 noemmin
1048 2771 1190 2854 premam
1206 2790 1226 2831 a
1239 2770 1277 2832 o.
1298 2769 1745 2847 increscentemque.

936 2975 1053 2991 -Ι

347 3038 539 3102 nobilitat
559 3041 765 3106 PRAEVIUM.
971 3040 1082 3112 cras),
1092 3037 1190 3108 riaqne
1200 3032 1493 3161 &bertchramnum
1510 3030 1582 3105 quac]
1594 3040 1671 3089 arcta
1679 3041 1766 3119 exstat
1774 3044 1803 3092 et

187 3141 293 3197 Nomen
312 3140 455 3210 scriptoris
478 3140 558 3211 hujus
579 3143 648 3199 iile
672 3144 823 3214 ignoratur.
848 3145 956 3212 Quanta
1009 3118 1136 3180 'Qum’
1161 3105 1201 3162 fle
1220 3118 1437 3174 mmmmm
1450 3118 1588 3173 ‘mmm‘
1606 3103 1804 3173 “maehum

155 3213 229 3269 iliius
248 3212 398 3267 auctoritas
412 3211 458 3275 sit,
484 3220 613 3268 caretate
656 3229 691 3269 ua
709 3214 787 3277 vixit,
801 3222 830 3269 et
852 3229 868 3270 a
886 3222 956 3271 testo

153 3299 188 3339 es
215 3280 436 3406 egriusreltalione
453 3282 526 3365 beati
550 3282 656 3393 einaim
679 3291 740 3408 acta
753 3284 958 3410 didiciqffitl·v

153 3349 875 3503 emutuiffraxensiogosnatssteriossperffigssafsal'tbggnuli
898 3372 957 3511 iprsle

153 3490 256 3547 scribit
275 3488 343 3544 inira
356 3505 413 3559 osp.
431 3492 476 3557 lo,
500 3509 575 3548 unm.
599 3494 642 3551 ta.
656 3495 697 3550 lix
716 3510 772 3567 quo
797 3495 957 3566 intelligatur

154 3563 230 3617 banc
243 3559 331 3616 Vitam
344 3561 473 3630 scriptam
489 3578 551 3619 esse
571 3574 634 3621 ante
649 3580 751 3622 annum
770 3565 824 3623 829
838 3581 893 3637 quo
906 3566 956 3622 tt-

153 3634 247 3688 dricns
266 3646 299 3686 er
321 3632 419 3686 abbate
438 3630 527 3691 iactrts
540 3641 583 3690 est
609 3636 753 3708 episcopus
779 3636 953 3695 senonensis.

153 3698 240 3757 Porro
258 3709 320 3757 acta
331 3716 365 3756 ac
377 3701 577 3760 virtulesbeati
590 3704 696 3761 Aleuini
711 3720 741 3762 se
759 3706 886 3763 didicisse
900 3709 954 3765 ini·
1005 3752 1088 3813 „que
1112 3747 1255 3795 ventorum
1275 3736 1437 3806 impulsione
1463 3750 1601 3806 „unquam
1625 3734 1692 3802 labi,
1712 3750 1803 3820 neque

153 3774 191 3828 tio
210 3781 239 3828 et
256 3770 311 3826 line
323 3771 426 3843 prologi
446 3780 562 3829 testatur
574 3774 678 3845 abejus
690 3777 823 3902 discigtulo
840 3776 953 3849 Sigullo,
1004 3812 1109 3869 moveri
1128 3807 1235 3880 possit),
1258 3807 1319 3862 ideo
1334 3821 1447 3862 necesse
1461 3806 1538 3862 „Me
1550 3819 1612 3862 Μ
1635 3821 1746 3872 assem,
1772 3817 1803 3863 m

152 3845 954 3987 statulaerusilienses-,0nansi
1004 3876 1803 4015 tillaasaatressatranscensura:

152 3981 698 4112 litiisttlitltitlildlit
712 3988 953 4124 titillata
1003 4037 1085 4164 gp:
1104 4018 1297 4148 spitii,
1316 4015 1803 4157 incredibilitate

153 4122 953 4283 snt-itettstesstsrttttritten
1002 4153 1803 4301 ttfflrlttlsllts‘ttd‘altetreenta:

153 4262 954 4410 mets,lacteridas,cuntant‘litu
1002 4318 1062 4360 aa
1079 4272 1218 4387 „rm
1237 4298 1377 4381 ms,
1390 4296 1490 4380 auu
1507 4294 1802 4380 suune

153 4403 195 4457 trs
216 4374 251 4458 n'.
293 4404 442 4460 annuento
454 4408 487 4462 aa
500 4407 534 4461 ro
546 4407 608 4462 uait
625 4408 678 4464 ata
699 4409 795 4464 artasio
808 4380 952 4480 ptisana,
1003 4374 1173 4444 (¹²'⁰¹¹¹⁵⁸¹‘·
1189 4369 1283 4441 N‘iu‘
1299 4383 1383 4453 9¹¹¹&
1396 4384 1419 4424 ⁸¹
1432 4383 1540 4434 ¹¹¹²¹¹¹¹³‘
1554 4376 1601 4450 ²⁰!
1613 4381 1687 4423 ⁰³⁰²
1697 4364 1800 4449 Μ’

968 4439 993 4499 tt
1004 4459 1037 4501 os
1050 4445 1135 4500 barba
1145 4442 1276 4513 pendens,
1288 4453 1415 4508 niveaque
1428 4439 1534 4503 dentes,
1549 4454 1596 4508 qur
1610 4444 1711 4508 queant
1722 4449 1801 4505 pauts

152 4477 954 4628 ffiffissffiffmffi'fflfflffussffltffiwuffi}
1004 4522 1125 4585 crustam
1147 4511 1268 4583 part-ulls
1293 4509 1449 4575 masticare,
1470 4507 1514 4565 rel
1532 4508 1604 4565 oculi
1631 4506 1803 4580 pulchriores

1009 3196 1119 3239 sessore
1143 3176 1283 3247 prebente
1301 3172 1364 3247 [ll.,
1408 3171 1542 3246 remeate]
1568 3173 1673 3240 humili,
1693 3173 1802 3245 planam

1008 3261 1038 3309 et
1052 3249 1195 3307 meabilem
1208 3245 1359 3302 reddidere.
1413 3243 1431 3300 d
1453 3244 1581 3314 quoniam
1595 3244 1697 3300 ntundo
1721 3243 1804 3302 fluide

1008 3338 1071 3379 curu
1099 3320 1157 3376 suis
1181 3323 1341 3373 senescente
1367 3314 1413 3370 vix
1441 3313 1586 3370 admodum
1615 3314 1692 3384 pauci
1723 3330 1803 3387 repe·

1007 3392 1057 3449 riri
1073 3397 1183 3462 queam,
1205 3387 1355 3455 priscorum
1369 3386 1397 3441 in
1413 3384 1541 3441 omnibus
1560 3385 1645 3440 ardua
1664 3385 1742 3455 sequi
1757 3402 1804 3441 re-

1007 3463 1088 3536 stigia
1103 3460 1149 3530 qui
1163 3457 1269 3529 possint
1284 3456 1341 3541 (qui
1356 3455 1439 3527 capiti
1451 3470 1559 3511 summo
1571 3464 1673 3525 quanto
1690 3456 1804 3513 ticinio-

1007 3549 1062 3599 res,
1083 3540 1160 3587 tanto
1176 3537 1285 3585 actuum
1300 3527 1484 3582 immensitate
1503 3522 1587 3580 intime
1604 3526 1756 3594 probantur
1770 3527 1804 3582 il·

1006 3602 1116 3665 lustres,
1140 3599 1248 3655 bomini
1271 3595 1475 3653 tabernaculum
1500 3595 1587 3650 instar
1615 3595 1803 3651 columnarum

1007 3672 1164 3728 iirmissinte
1191 3668 1357 3724 sustinentes
1383 3664 1436 3738 [ul]
1459 3680 1591 3735 aquarum
1615 3665 1799 3729 inundatione.

1003 4586 1078 4650 rino,
1102 4598 1156 4656 quo
1177 4582 1333 4638 nutriuntur
1348 4579 1477 4651 virgines,
1504 4595 1565 4635 esse
1587 4578 1801 4648 nequimus;ob

357 4654 542 4715 PROLOGUS
557 4657 742 4717 lucrosis.
1003 4654 1057 4710 huc
1072 4670 1089 4711 a
1102 4652 1226 4724 eorporis
1237 4650 1345 4708 bomini
1362 4650 1521 4722 compagine
1543 4649 1731 4720 separabimur
1753 4663 1802 4719 op-

186 4741 210 4799 i.
240 4742 366 4814 Superata
391 4744 494 4803 Christi
520 4755 631 4804 rorante
652 4748 764 4806 dextera
786 4757 815 4805 et
838 4749 953 4819 jurante
1003 4724 1091 4809 ,abuit
1120 4724 1148 4779 5¹¹
1171 4722 1267 4779 “dem
1284 4730 1389 4777 “mmm
1408 4719 1454 4793 [εἰ]
1469 4720 1531 4783 ssd⁰t
1552 4719 1812 4790 speet⁰h²fi¹²¹²t

150 4814 253 4950 uti:
268 4816 600 4947 attestantes
613 4823 952 4963 {centinarisia
1101 4789 1801 4950 instabilitatisiettensis

157 4955 206 5009 tris
216 4954 336 5020 Aletrini,
352 4971 413 5027 qum
429 4955 489 5025 ejus
501 4974 582 5015 „0590
594 4961 679 5031 posui,
697 4960 828 5018 namugo
847 4962 952 5019 fldem,
1002 4938 1146 4993 clrarttatts
1163 4934 1279 5009 [unrmte
1291 4930 1331 5006 tn]
1343 4930 1496 4989 dderenua
1506 4931 1657 4989 stellarum.

156 5024 225 5082 uuo
252 5023 358 5097 Sigulio
382 5026 524 5099 discipulo,
556 5045 682 5087 sermone
706 5031 771 5087 licet
797 5032 940 5105 incultos
1038 5038 1069 5093 il.
1095 5037 1199 5110 Nempe
1224 5035 1296 5092 oculi
1323 5034 1434 5091 iuemnt
1454 5033 1578 5107 apostoli.
1613 5033 1678 5090 solis
1703 5040 1798 5090 eterni

156 5108 251 5163 perro,
269 5104 361 5151 tamen
376 5099 491 5154 veritate
509 5099 621 5167 relerlo,
642 5102 760 5159 scribam
776 5103 950 5160 edificationi
1002 5108 1173 5177 splendorem
1191 5106 1291 5162 mentis
1308 5105 1429 5178 puritate
1447 5114 1596 5176 utcumque
1614 5105 1800 5176 contemplan-

156 5165 348 5221 nonnulloruut
368 5167 530 5237 prolatum
546 5187 671 5229 asserens
691 5181 720 5227 te
738 5173 783 5228 diu
799 5188 882 5244 super
900 5176 951 5232 bac
1002 5187 1055 5243 tes,
1079 5180 1151 5234 sicut
1177 5177 1363 5247 apostolorum
1382 5176 1514 5301 griseam
1537 5175 1645 5240 Perus,
1669 5175 1729 5248 virg
1766 5191 1801 5233 ue

157 5238 398 5293 reronmodicam
413 5237 656 5299 serresitimrnon
671 5244 734 5314 quia
756 5242 847 5300 calore
865 5244 950 5314 ignita
1001 5247 1138 5304 loannes:
1153 5261 1270 5317 quorum
1293 5246 1363 5302 alter
1402 5246 1528 5302 ceresium
1548 5244 1725 5315 plurimarum

156 5318 278 5389 superno
286 5308 447 5363 turriscera
460 5321 616 5369 sanctorum
631 5314 869 5371 innumerabilium
881 5315 949 5382 rita,
1001 5319 1091 5374 vitam
1112 5317 1264 5390 opiniones,
1279 5331 1313 5372 ex
1335 5315 1440 5372 duabus
1462 5314 1657 5373 consistentem
1676 5317 1800 5374 snbstan-

155 5385 238 5443 gestts
253 5378 316 5446 ptis,
330 5386 357 5433 et
375 5378 473 5437 studiis
487 5392 623 5454 nequeant
637 5385 723 5451 relisi,
738 5400 807 5455 quos
818 5385 950 5458 sanguine
1001 5389 1048 5445 tiis
1070 5387 1121 5444 Flii
1139 5387 1188 5443 liei
1201 5386 1318 5443 virentis
1335 5401 1417 5441 unam
1436 5385 1578 5442 consessus
1588 5395 1632 5443 est
1641 5401 1798 5456 personam,

155 5447 274 5569 hropeiu,
295 5449 339 5505 rel
358 5449 449 5506 saeculi
469 5467 634 5525 suarumque
648 5456 883 5513 abrenuntiatione
902 5472 950 5513 ro·
1001 5459 1114 5515 dicens:
1129 5458 1169 5513 To
1179 5473 1207 5511 es
1220 5456 1341 5512 Christus
1351 5455 1440 5512 Filius
1449 5456 1498 5511 Dei
1509 5458 1557 5512 riri
1569 5456 1677 5528 (Marti.
1688 5456 1797 5528 maid).

183 5525 299 5598 munt,
315 5520 386 5589 ngm
399 5520 604 5595 celestiumque
616 5533 723 5583 constat
738 5527 870 5582 virtutum
884 5542 950 5583 con-
1000 5528 1078 5586 Alter
1090 5530 1117 5586 in
1144 5528 1234 5598 seipso
1257 5527 1376 5583 animam
1399 5526 1540 5583 effundens
1554 5541 1640 5591 sunm,
1658 5535 1686 5582 et
1699 5537 1798 5583 cuncta

154 5594 239 5642 sorim
253 5590 380 5654 mercari,
399 5593 500 5661 quibus
513 5610 565 5650 una
578 5597 655 5652 strati
669 5613 731 5653 curu
746 5612 846 5655 canore
860 5597 948 5653 inlici·
1000 5607 1094 5656 creata
1109 5599 1315 5664 transcendens,
1330 5598 1365 5654 ad
1377 5613 1452 5664 eum,
1466 5613 1607 5669 perquem
1622 5607 1685 5654 sunt
1706 5596 1798 5654 ontnla

154 5656 205 5711 bus
218 5656 342 5716 fruentes
354 5660 441 5729 iubilo
455 5664 610 5726 insatiabili.
624 5669 802 5735 restintentis,
817 5669 874 5725 site
888 5668 947 5739 pul·
1000 5670 1083 5735 lacta,
1109 5670 1278 5735 conscendit,
1298 5684 1331 5724 ac
1346 5669 1406 5741 eius
1423 5676 1532 5739 potatus
1547 5667 1676 5723 uberibus
1690 5665 1796 5742 inaudi-

155 5742 261 5785 ntarnnr
275 5730 420 5791 frondibus
433 5735 523 5806 intutas
543 5737 640 5809 quibos
653 5738 762 5797 luminis
776 5748 890 5796 ornatur
908 5739 948 5796 io·
1001 5751 1058 5799 tum
1069 5741 1174 5800 seculis
1184 5740 1319 5799 annotarit
1330 5756 1470 5808 arcannm,
1482 5739 1615 5796 dicendo:
1629 5735 1797 5806 inprincipro
