4075 6192
78 180 140 237 6ιὸ
516 188 722 245 naturate.
741 216 778 233 -
799 194 976 253 inuuunt.
995 199 1030 254 tlt
1048 199 1313 264 acmusttstlttt.
1667 220 1720 281 ott

77 292 130 364 qul
145 292 175 349 ln
186 300 298 362 terum,
309 294 383 353 unde
397 295 498 368 sumpt
510 305 584 365 sunt,
597 299 721 365 ιεᾱειιιιι,
732 307 874 374 postquam
888 311 912 372 Α
927 307 1004 370 lione
1023 316 1218 386 occupationem
1231 321 1370 391 pessimam
1390 325 1462 383 dedit
1475 327 1547 387 beat
1558 332 1624 403 filiis
1635 335 1721 394 bami-

76 384 109 439 ln
123 383 214 454 primo
225 383 368 441 audierunt
376 393 518 456 peccatore
531 405 537 441 :
553 386 764 457 'terraemotis
777 400 878 450 terram
928 415 1001 468 narn,
1017 412 1045 456 nt
1059 403 1243 461 distendantur
1254 410 1281 464 in
1294 427 1335 465 ea.
1351 411 1430 470 lledit
1450 431 1526 488 nero,
1542 421 1620 490 dixit,
1634 440 1667 482 eo
1679 428 1719 484 lu·

75 476 155 546 ibis;
169 491 221 534 nec
233 485 325 535 tamen
338 487 410 536 terra
431 481 560 552 impletur
571 482 743 542 multitudine
755 496 878 545 mortuo·
927 491 1043 549 curionis
1052 509 1151 565 genere
1162 512 1217 569 quo
1230 498 1375 572 Apostolus
1384 506 1418 561 ad
1431 507 1567 568 Romanos
1580 514 1618 570 ait
1631 533 1639 570 ε
1651 516 1718 574 l'ra-

76 580 157 621 ntur.
925 581 993 637 didit
1014 600 1058 639 eor
1077 585 1148 642 beer
1166 588 1194 643 t‘n
1217 592 1356 660 reprobunt
1377 599 1672 678 mesammones).
1688 609 1719 665 ld

116 654 202 711 tens.
219 653 408 711 8.-Gnnotoe
420 673 461 713 res
474 657 607 729 difficiles,
622 679 675 718 nan
694 674 777 736 potest
798 666 877 724 iano
925 681 977 740 est,
992 679 1117 745 permisit
1138 692 1195 743 ooo,
1219 691 1329 752 propter
1352 689 1530 756 praecedentia
1552 706 1674 765 peccata,
1688 700 1717 754 in

73 763 125 802 eaa
143 746 274 819 replicare
295 764 424 804 semona.
450 748 513 806 Non
536 762 673 810 saturator
694 758 786 815 oculor
807 762 874 829 nra,
925 765 1070 835 reprobum
1089 767 1185 824 cadere
1204 784 1323 828 sensum.
1339 773 1484 848 Proposuit
1497 796 1562 853 ergo
1581 785 1717 844 Ecclesia·

75 853 127 893 troc
145 837 221 893 aurit
240 836 364 909 impietur
384 839 487 894 aedua.
507 839 666 901 Nullatenus
690 846 762 903 ualet
785 864 875 907 sermo
924 863 987 918 stes,
1002 857 1090 926 primo
1101 853 1183 929 ΜΒ
1202 862 1323 918 omnium
1345 880 1393 922 cor
1408 883 1487 925 suurn
1508 874 1541 928 ad
1557 875 1716 944 sapientiam

74 927 216 999 explicare
230 943 327 985 causas
343 937 506 1002 naturasque
527 948 632 1003 rerum;
648 953 699 995 nec
716 940 810 997 oculus
831 959 875 998 sa·
924 947 1129 1017 requirendam,
1144 958 1171 1005 et
1190 951 1262 1008 ultra
1285 954 1387 1013 licitum
1402 974 1432 1015 se
1451 966 1609 1031 extendens,
1632 970 1716 1026 voluit

74 1016 177 1084 turam,
189 1025 218 1073 ut
228 1018 267 1075 rei
280 1019 367 1091 possit
375 1020 533 1094 dignitatem
544 1024 644 1083 intueri
658 1026 733 1101 [llr.,
747 1047 798 1088 nee
809 1050 874 1091 ocu·
922 1050 1019 1092 causas
1034 1037 1206 1107 rationesque
1225 1055 1396 1111 cognoscere,
1411 1062 1496 1115 quare
1510 1055 1614 1120 parvuli
1630 1058 1716 1113 corri-

76 1108 132 1177 ltts,
144 1117 175 1166 ut
189 1110 229 1166 rei
247 1109 336 1183 poscit
348 1112 475 1185 dignitas,
489 1113 616 1190 intueri);
629 1134 680 1177 noc
694 1122 780 1191 auris,
795 1124 873 1181 insti·
921 1135 1052 1197 pereutur
1068 1143 1085 1183 a
1102 1129 1234 1197 demone,
1247 1147 1297 1188 cur
1319 1134 1460 1210 nauiragia
1481 1140 1541 1211 pios
1565 1142 1715 1216 impiosque

77 1209 173 1258 mente
195 1202 317 1270 doctore,
329 1203 365 1260 ad
376 1220 509 1262 summam
525 1222 617 1264 rerum
631 1209 755 1268 notitiam
777 1229 873 1285 perre-
920 1216 1024 1286 pariter
1035 1219 1230 1275 absorberent:
1243 1229 1333 1277 utrum
1348 1224 1406 1280 hmc
1419 1234 1446 1282 et
1460 1228 1503 1284 his
1517 1231 1615 1289 similia
1631 1248 1714 1290 causa

75 1292 145 1348 nire.
168 1290 237 1348 Nam
256 1292 337 1350 modo
353 1295 443 1350 omnia
464 1290 493 1351 id
508 1298 652 1369 aenigmate
674 1311 830 1370 cernuntur,
844 1314 872 1362 et
922 1302 999 1377 liis,
1013 1305 1090 1380 casu]
1101 1306 1251 1374 evenirent,
1263 1326 1298 1365 an
1309 1308 1411 1380 jndicio
1425 1316 1471 1372 llei
1491 1325 1520 1374 et
1530 1323 1711 1390 providentia.

74 1398 109 1440 ca
119 1392 201 1455 parte
212 1384 406 1458 intelliguntur,
417 1387 502 1444 donec
514 1387 634 1461 persocia
644 1392 735 1449 veniat
747 1394 869 1464 scientia,
921 1391 950 1449 Si
973 1410 1027 1451 non
1039 1393 1153 1466 judicio,
1169 1398 1214 1454 ubi
1228 1401 1398 1470 providentio
1411 1406 1459 1462 liei
1471 1409 1503 1464 ιι
1527 1409 1600 1479 llaec,
1612 1413 1712 1486 inquit,
1741 1421 1743 1425 ’

73 1490 136 1548 qnae
149 1477 179 1532 in
193 1477 244 1534 boc
256 1478 365 1535 mortali
375 1492 489 1550 corpore
503 1496 563 1537 esse
574 1497 627 1539 non
639 1486 750 1557 poterit.
767 1487 869 1547 Tamen
919 1501 999 1543 nosse
1010 1487 1177 1556 desiderans,
1191 1490 1310 1548 intellexi
1323 1494 1486 1565 superfluam
1497 1515 1601 1569 summ,
1616 1513 1643 1560 et
1658 1506 1712 1562 sol·

73 1567 134 1624 bac
150 1568 284 1624 sententia
299 1569 417 1625 maxine
431 1578 525 1627 contra
542 1587 589 1629 eos
605 1574 661 1647 agit
679 1576 735 1647 qui,
754 1576 813 1634 sine
830 1579 869 1636 la·
919 1578 1086 1637 licitudinem
1102 1597 1152 1651 per
1165 1582 1271 1639 diversa
1294 1587 1471 1657 cruciantem,
1486 1607 1502 1646 a
1517 1593 1573 1649 ileo
1593 1596 1710 1655 bomini-

72 1658 142 1713 bore
153 1665 184 1714 et
192 1658 311 1715 discendi
321 1659 421 1727 studio,
432 1670 587 1717 sanctarum
602 1661 803 1736 Scripturarum
817 1669 867 1726 sibi
883 1652 971 1730 Bbus
983 1675 1089 1738 datam,
1103 1681 1135 1730 ut
1155 1677 1226 1732 scire
1240 1678 1349 1749 cupiant
1363 1682 1435 1750 quod
1453 1683 1523 1741 scire
1536 1701 1590 1742 noa
1606 1687 1710 1745 licitum

72 1751 201 1806 notitiam
221 1751 392 1821 promittunt,
405 1753 572 1811 estimantes
590 1770 619 1811 se
642 1758 790 1831 sapientes,
806 1777 868 1819 cum
917 1772 968 1820 est.
991 1764 1026 1819 Ει
1046 1765 1098 1821 boc
1118 1773 1231 1837 propter
1252 1770 1454 1838 curiositatem,
1469 1774 1497 1828 in
1516 1790 1597 1845 quam
1611 1792 1641 1834 se
1659 1794 1709 1835 sua

71 1853 137 1901 sunt
154 1845 322 1916 insipientes.
916 1863 1011 1925 sponte
1021 1855 1182 1926 injecerunt,
1194 1857 1374 1928 permisiteos
1385 1862 1457 1918 Deus
1467 1862 1506 1935 [in
1520 1865 1573 1939 eis]
1586 1866 1709 1927 laborare

108 1936 194 1993 isus.
209 1936 236 2003 9,
254 1935 298 1993 ill.
309 1964 346 1980 -·
360 1936 431 2004 Quid
451 1948 488 1995 est
503 1941 573 2014 qaod
593 1943 665 2014 fuiti
686 1946 783 2016 ipsunt,
796 1948 867 2018 quod
916 1943 1057 2000 eventibus
1069 1943 1132 2000 ritae
1144 1943 1233 2014 buius,
1248 1946 1277 2002 in
1290 1947 1388 2017 quillus
1401 1951 1502 2007 nullam
1517 1955 1653 2014 rationem
1666 1959 1708 2014 in·

71 2028 193 2098 {mrum
206 2036 254 2083 ert.
271 2028 342 2095 Quid
356 2039 393 2084 ert
409 2033 479 2101 quod
492 2032 593 2103 [mrum
612 2036 672 2090 ant
685 2038 781 2109 ipsum,
796 2041 866 2111 qaod
915 2035 1007 2093 venire
1020 2034 1172 2092 valuerunt.

69 2116 224 2186 [mendum
235 2128 283 2174 ott.
304 2118 379 2174 Nihil
390 2120 438 2176 sui
454 2119 509 2177 tole
523 2138 628 2192 notrum,
640 2142 687 2181 nec
706 2126 774 2183 salet
793 2130 865 2201 qttis-
949 2127 1034 2184 Verte.
1049 2127 1135 2184 ib-
1152 2125 1211 2184 Vidi
1222 2146 1281 2201 quat
1292 2131 1359 2202 piant
1372 2141 1466 2189 cuneta
1479 2136 1527 2192 tub
1539 2136 1602 2205 solo,
1613 2147 1637 2194 et
1648 2156 1706 2197 ecce

70 2228 153 2283 quant
167 2213 265 2280 dicere,
283 2229 342 2269 ecce
364 2215 414 2269 ltoc
430 2232 519 2272 recens
535 2226 582 2274 est.
597 2218 637 2276 De
653 2222 758 2278 naturis
770 2223 798 2278 in
809 2224 865 2293 pri·
913 2220 1035 2276 erinna
1056 2221 1176 2287 uanitat,
1190 2231 1214 2277 et
1231 2224 1335 2295 afflictio
1357 2228 1475 2298 spiritns.
1496 2229 1582 2286 Aliter
1596 2230 1641 2304 [ln
1654 2249 1704 2288 ms.

71 2299 180 2356 mordio
187 2300 281 2359 mundi
288 2303 388 2358 creatis
397 2303 505 2360 ridetur
513 2305 611 2373 dicere,
618 2315 646 2364 et
656 2308 864 2368 desucoessioae
913 2308 993 2365 aliter
1011 2309 1109 2384 omitt]
1123 2320 1165 2368 est
1182 2315 1482 2376 sensustconsiderari
1504 2322 1706 2395 universaquae

69 2404 177 2457 earum,
201 2392 336 2462 momodo
357 2394 478 2462 veniunt,
501 2403 529 2452 et
552 2399 687 2467 quomodo
710 2408 862 2459 transeunt.
913 2399 941 2454 in
953 2401 1053 2457 mundo
1067 2410 1139 2469 sunt,
1152 2410 1180 2460 et
1192 2405 1613 2482 nibilaliuddeprebendiquam
1627 2416 1704 2472 uani·

69 2479 153 2536 Verbi
175 2480 358 2552 gratlnsdum
379 2482 461 2541 homo
481 2484 616 2552 moritur,
630 2486 712 2543 bomo
732 2491 861 2547 nascitur.
913 2497 996 2546 tatem
1018 2499 1047 2547 et
1070 2492 1208 2556 malitiam,
1224 2495 1305 2552 idest
1326 2498 1451 2557 miserias
1472 2502 1594 2573 spiritus,
1606 2507 1705 2575 quibus

65 2568 171 2626 Eadem
185 2579 282 2626 natura
302 2570 353 2628 luit
363 2573 514 2641 morientis,
530 2590 591 2645 quae
604 2584 632 2632 et
647 2580 784 2635 nascentis
797 2581 860 2636 erit.
912 2581 1019 2637 animus
1043 2581 1157 2639 dirersis
1181 2583 1312 2657 fatigatur
1338 2590 1553 2659 cogitationibus.
1584 2593 1704 2653 Labmm

65 2660 202 2717 Similiter
214 2664 247 2718 de
257 2663 361 2729 aribus,
372 2665 502 2735 piscibus,
514 2669 684 2738 serpentibus
698 2677 726 2725 et
736 2672 863 2729 omnibus
913 2669 990 2743 wa,
1003 2670 1091 2746 labor]
1102 2674 1210 2744 sapiens
1230 2691 1393 2749 cognoscere
1414 2681 1486 2751 quod
1506 2682 1631 2742 humanm
1647 2701 1702 2743 non

64 2752 263 2819 manibus,
277 2754 479 2828 intelligendum
492 2766 542 2824 est,
558 2775 609 2817 neo
621 2776 676 2818 non
689 2762 717 2818 in
729 2764 821 2822 herbis
834 2774 862 2823 et
911 2768 954 2817 tsi
967 2761 1059 2818 datum
1073 2765 1212 2835 sapientiae
1224 2767 1303 2824 seire·
1634 2820 1636 2823 .

65 2844 214 2901 arboribus
235 2847 395 2918 catemsque
419 2863 511 2905 rerunt
532 2852 647 2917 naturis,
669 2853 737 2909 nihil
761 2871 861 2913 norum
945 2851 1029 2908 tens.
1044 2842 1265 2913 lb-ssPeruersi
1286 2859 1390 2931 difficile
1404 2874 1580 2935 corrogantur,
1596 2876 1621 2923 et
1631 2866 1700 2924 atui·

66 2935 207 2993 invenitur
216 2939 287 3008 quod
300 2947 362 2995 ante
373 2956 427 2996 non
439 2949 510 2998 esset
521 2957 529 2997 ι
539 2943 606 2998 nibil
618 2945 859 3018 periturum,qu0d
910 2952 997 2998 torum
1012 2944 1131 3014 infinitos
1151 2956 1188 3001 ost
1203 2964 1335 3004 ruunterur.
1351 2949 1512 3008 Sanctorum
1524 2956 1702 3015 numerabilis

63 3034 161 3095 postea
173 3042 228 3083 non
240 3027 288 3083 liat
303 3027 379 3102 [lim
392 3030 460 3104 liet].
474 3032 536 3090 ldeo
550 3033 616 3090 dicit
636 3033 793 3107 Scriptura:
806 3024 894 3096 lte-C
909 3042 952 3090 est
972 3036 1124 3105 multitudo,
1146 3038 1289 3095 stultorum
1311 3056 1376 3096 rero
1399 3047 1571 3118 congregatio
1590 3063 1643 3104 non
1659 3057 1701 3106 est

62 3118 169 3189 quierit
184 3119 257 3177 bens
272 3121 316 3177 die
329 3121 444 3194 septim
457 3125 492 3181 ab
503 3127 630 3183 omnihus
642 3130 770 3199 operibns
789 3132 856 3200 suis,
909 3141 1023 3184 numero
1036 3128 1126 3200 digna.
1141 3128 1210 3202 Tale¹
1224 3131 1328 3200 quidet
1343 3131 1484 3191 Psalmista
1503 3138 1542 3191 ait
1554 3152 1562 3192 ι
1573 3137 1700 3197 Dinume-

63 3208 91 3264 id
105 3218 159 3277 est,
170 3226 187 3267 a
200 3227 330 3269 novarum
345 3215 482 3272 creatione
494 3224 652 3275 naturarum
665 3222 791 3290 cessavit,
803 3240 857 3280 non
909 3218 972 3274 rabo
986 3236 1040 3285 eor,
1053 3219 1080 3275 id
1095 3228 1137 3276 est
1157 3231 1281 3291 sanctos,
1296 3241 1375 3296 super
1394 3242 1502 3281 arenam
1516 3230 1598 3285 muria
1611 3231 1700 3302 (Psoi.

62 3315 78 3355 a
92 3302 298 3373 gubernatione,
314 3305 349 3362 de
362 3320 414 3377 qua
427 3307 485 3378 ipsa
498 3309 606 3365 veritas
619 3312 658 3365 ait
669 3325 676 3366 :
689 3311 771 3369 Pater
784 3332 856 3372 mene
906 3324 1039 3376 crrxrtrr,
1053 3311 1109 3383 ts),
1121 3311 1149 3367 id
1163 3321 1206 3367 est
1222 3312 1319 3370 stultos
1331 3315 1378 3387 qui
1390 3331 1481 3373 aream
1495 3329 1696 3391 comparantur.

62 3408 146 3463 sequ
154 3395 234 3451 atodo
246 3407 377 3468 operatur,
389 3407 414 3454 et
426 3417 472 3471 eqo
487 3417 589 3473 operor.
608 3403 685 3461 Unde
694 3419 727 3460 ex
740 3407 857 3478 primor.
908 3397 983 3456 Sicut
992 3400 1026 3455 ad
1036 3400 1172 3457 Abrabam
1183 3402 1312 3460 [lominus
1322 3405 1389 3461 dixit
1401 3421 1408 3461 ι
1420 3405 1454 3461 Ει
1464 3409 1514 3462 erit
1525 3425 1612 3465 semen
1622 3420 1698 3465 tuum

61 3482 180 3540 erminus
193 3495 378 3543 ereanrnrum
389 3490 538 3546 seminibus
548 3492 632 3548 sotius
643 3495 735 3551 saecun
750 3504 856 3567 tempus
905 3489 972 3543 siout
985 3488 1067 3544 stellae
1079 3489 1146 3558 toeli,
1160 3499 1185 3545 et
1196 3492 1263 3547 siout
1275 3510 1356 3549 arena
1367 3496 1449 3549 maris
1463 3493 1540 3569 (Gen.
1554 3512 1622 3562 nrt,
1638 3498 1694 3569 i'l).

61 3576 181 3631 naturali
194 3591 276 3634 cursu
286 3581 433 3651 peragitur.
904 3576 934 3633 ln
954 3578 1041 3635 stellis
1053 3580 1171 3652 intellige
1186 3590 1305 3647 sanctos,
1320 3583 1353 3638 de
1367 3585 1464 3653 quibus
1477 3584 1621 3641 Psalmista
1635 3582 1693 3641 alti

96 3665 182 3722 Vane.
199 3667 242 3722 ll.
256 3699 292 3710 -
307 3668 369 3724 ,tam
384 3672 454 3725 enim
466 3673 598 3743 praecessit
619 3676 648 3732 ιη
668 3678 782 3745 multe,
795 3698 855 3753 qm
905 3671 959 3739 Qui
977 3682 1096 3729 numerat
1117 3673 1311 3729 multitudinem
1325 3675 1471 3742 stellarum,
1486 3685 1511 3732 et
1523 3678 1643 3734 omnibus
1656 3681 1694 3737 eit

61 3757 169 3826 {urent
182 3768 244 3815 ante
256 3776 314 3817 not.
330 3761 392 3818 Non
407 3772 445 3820 est
463 3765 581 3835 priorum
594 3771 732 3836 memoria,
744 3772 791 3827 sed
806 3790 854 3828 nec
903 3763 1010 3818 nomina
1034 3773 1108 3819 ”⁰0⁰²
1130 3762 1243 3835 (Psalm.
1266 3779 1357 3829 mil·
1382 3763 1420 3838 i).
1442 3765 1471 3821 ¹¹¹
1490 3782 1583 3837 arena,
1602 3784 1695 3841 llewi·

60 3863 150 3903 toturn
166 3849 272 3921 quidem
291 3868 351 3923 qttoe
370 3862 428 3925 port
450 3854 541 3924 [utura
555 3865 628 3924 sunt,
645 3860 694 3913 erit
707 3862 852 3917 recordatio
903 3862 991 3922 iores,
1016 3855 1050 3911 de
1071 3854 1169 3927 quibus
1191 3854 1470 3912 diciturzPerdeatnr
1491 3870 1640 3932 meatum
1661 3864 1694 3919 dt

60 3939 132 4009 apad
144 3957 189 3995 eos
200 3941 246 4010 qui
259 3941 344 4012 futuri
357 3951 418 3999 sunt
427 3943 455 3999 in
466 3944 615 4000 nouissimo.
631 3947 707 4003 Sicut
716 3948 853 4019 praeterita
902 3955 983 4001 term·

59 4044 120 4100 qnae
136 4030 203 4087 olim
225 4031 347 4099 luerunt,
364 4037 434 4106 apud
452 4051 503 4093 nos
525 4037 666 4094 abscondit
689 4040 798 4105 oblivio,
813 4040 853 4099 sie
937 4036 1020 4091 Vens·
1038 4035 1171 4091 ii·-1n
1193 4035 1271 4091 corde
1292 4052 1349 4091 met
1368 4034 1470 4092 locutus
1491 4052 1560 4103 tim,
1578 4037 1692 4094 dictati

60 4133 92 4174 na
113 4134 176 4190 qum
192 4136 264 4177 nuno
287 4124 428 4180 nobiscum
450 4127 656 4197 presentialiter
670 4128 748 4195 liunt,
762 4130 791 4186 bi
805 4130 851 4201 qui
900 4142 1081 4197 eccemagnum
1095 4126 1202 4197 effectus
1216 4142 1284 4201 epm,
1296 4135 1320 4181 et
1331 4126 1451 4197 praeusti
1461 4127 1591 4198 rapientia
1603 4143 1692 4184 ontnet

60 4213 133 4267 nasei
145 4213 258 4279 babent,
269 4215 340 4271 seire
350 4232 403 4273 non
414 4225 548 4288 poterunt.
558 4218 625 4286 Quia
636 4229 732 4277 curtcta
743 4222 851 4279 silentio
899 4218 945 4287 qni
958 4217 1065 4287 [uerunt
1078 4225 1139 4271 “lit
1151 4232 1191 4270 me
1202 4217 1231 4270 in
1246 4215 1423 4284 fflewltm,
1435 4225 1459 4272 tl
1473 4233 1545 4273 mens
1559 4234 1616 4274 Μ
1628 4235 1692 4275 ⁶⁰⁸·

58 4303 195 4373 peribunt,
207 4312 236 4359 02
247 4307 323 4375 qimi
331 4323 386 4363 non
398 4307 506 4373 suerint,
517 4310 726 4379 abscondentur,
739 4320 767 4367 el
776 4327 849 4369 com.
899 4306 1026 4379 impiam
1037 4315 1075 4363 m
1087 4306 1170 4363 muita
1181 4308 1322 4379 widimer,
1334 4318 1358 4364 Oi
1371 4308 1474 4363 dtdtct'l.
1483 4307 1609 4381 [regimus
1622 4316 1649 4366 ei
1662 4309 1691 4365 lli

57 4391 178 4461 plenitur
190 4395 236 4450 illa
246 4398 398 4453 sententia:
414 4396 522 4455 Venetae
534 4402 689 4469 vanitarem,
704 4404 791 4458 amnia
804 4421 849 4459 aa·
862 4380 887 4440 Ῑ)
899 4400 1002 4471 Regum
1013 4398 1098 4465 libris,
1114 4399 1205 4455 multae
1218 4399 1356 4468 sapientior
1372 4399 1454 4455 luisse
1467 4398 1650 4466 Salomonem,
1661 4406 1690 4456 et

59 4482 137 4539 ritae
154 4482 280 4557 [Venetae
307 4490 464 4564 eumenem]
477 4493 539 4562 quie
555 4495 645 4549 omnia
661 4504 811 4561 transeunt,
822 4505 851 4553 ee
899 4490 951 4545 boc
964 4504 980 4544 a
992 4488 1049 4544 Deo
1060 4487 1178 4559 speciale
1187 4488 1285 4543 donum
1295 4503 1352 4557 prm
1364 4488 1471 4544 ceteris
1484 4490 1576 4546 sarculi
1588 4490 1689 4547 divitiis

57 4586 134 4630 more
155 4574 264 4634 Mentis
289 4592 367 4651 aqua
388 4582 499 4650 radunt,
515 4591 543 4640 et
565 4599 618 4640 non
639 4586 775 4643 redibunt.
798 4587 848 4645 eui
897 4580 941 4637 rel
960 4580 1109 4636 honoribus
1123 4577 1274 4650 postulasse
1289 4575 1351 4649 (lli
1362 4576 1428 4648 lieg.
1442 4576 1495 4650 ur).
1517 4577 1608 4635 Mundi
1623 4595 1688 4655 ergo

56 4667 198 4725 macerie
210 4677 284 4727 rome
295 4673 411 4729 mundus
424 4676 500 4732 rente
514 4685 566 4743 ege,
579 4687 608 4733 ea
625 4679 743 4735 maxime
755 4681 849 4738 numa.
898 4670 988 4727 cordis
1009 4668 1105 4727 oculus
1124 4667 1238 4722 multam
1252 4667 1412 4737 sapientiam
1424 4676 1453 4724 et
1468 4670 1608 4726 scientiam
1620 4686 1686 4758 conf

54 4767 121 4810 nom
133 4771 228 4829 genus.
898 4769 998 4819 tuetur.
1009 4761 1073 4818 ideo
1085 4774 1138 4815 non
1148 4760 1196 4825 ait,
1205 4758 1317 4815 multam
1332 4758 1492 4830 sapientiam
1508 4767 1537 4817 et
1546 4761 1686 4817 scientiam

90 4845 176 4903 Vens.
190 4848 233 4905 tu
246 4882 282 4893 -
301 4852 359 4925 Epo
380 4854 551 4914 Ecclesiaster
573 4857 614 4929 (ui
635 4875 682 4914 reo
703 4857 804 4928 israel,
817 4862 845 4916 in
895 4870 955 4910 sunt
977 4853 1093 4920 Mutus,
1108 4852 1156 4908 sod
1169 4851 1292 4926 [multam
1314 4851 1515 4923 sapientiamet
1531 4852 1684 4928 scientiam]

54 4909 233 4993 boemano.
248 4940 392 5014 lineasque
405 4946 528 5017 prelatio
540 4947 703 5021 generalitor
722 4950 756 5007 de
765 4949 846 5021 bujne
895 4943 963 5000 vidit
976 4960 1025 5002 cor
1038 4959 1127 5001 meunt
1140 4958 1148 4999 t
1159 4958 1214 5001 non
1234 4943 1307 5000 enlm
1327 4958 1472 5015 possumus
1490 4943 1580 5017 eloqui
1594 4946 1684 5003 omnia

53 5025 144 5081 meruli
166 5029 332 5090 vanitatibus
342 5035 471 5106 disputat.
491 5038 560 5095 ilinc
570 5040 605 5095 ad
616 5041 845 5112 semetipsumro-
895 5052 957 5109 qum
978 5034 1221 5092 sentimustlttlor
1239 5041 1282 5093 est
1300 5034 1373 5090 enim
1397 5034 1488 5089 cordis
1508 5033 1684 5109 intelligentia

52 5116 99 5182 drt,
110 5119 212 5189 etquis
223 5130 304 5187 esset,
315 5128 450 5194 ostendit;
463 5130 505 5185 ret
516 5133 651 5201 quomodo
660 5133 846 5204 experimento
894 5143 976 5199 (luam
988 5125 1046 5182 ⁰¹5⁸
1061 5125 1256 5196 ῑῦῑθψΐθῑῧῑῑθ·

51 5204 141 5260 omniu
155 5212 312 5279 cognoverit
321 5215 492 5274 etdocuerit.
502 5219 564 5277 ideo
575 5231 771 5294 consequenter
781 5224 845 5281 sub-
930 5218 1014 5274 tans.
1029 5216 1072 5271 il.
1081 5245 1118 5256 -
1128 5215 1196 5270 bertr·
1205 5232 1307 5288 auoque
1316 5232 1468 5282 cortitum,
1478 5225 1506 5270 ¹⁴⁸
1519 5217 1611 5273 “iiim
1620 5233 1685 5288 ΡΝ·

48 5289 137 5360 lunxit
152 5315 160 5352 ε
799 5363 804 5369 ,
896 5306 1023 5370 dentiam,
1036 5314 1113 5377 atque
1124 5303 1282 5371 doctrinam,
1295 5322 1447 5378 erroresque
1458 5314 1483 5363 et
1496 5306 1646 5376 stultitiam,
1658 5316 1684 5366 et

83 5383 171 5441 ins·
190 5387 234 5445 13.
246 5420 285 5435 ·-
294 5391 328 5449 Et
339 5399 464 5468 proposui
478 5400 506 5455 in
518 5401 605 5456 animo
617 5418 674 5458 meo
685 5420 802 5475 quarere
818 5414 844 5460 et
895 5395 988 5468 agnott'
1001 5393 1072 5468 qnod
1085 5393 1112 5449 ¹⁹¹³
1124 5393 1165 5448 '⁸3⁸
1178 5410 1280 5466 ‘imin‘
1289 5404 1354 5451 Μ
1364 5393 1440 5455 Ῑθῧθῐ
1452 5403 1477 5451 ⁶⁸
1487 5396 1591 5468 ⁰ffi⁶⁸f⁰
1602 5396 1683 5470 ’iffi‘

49 5469 206 5549 fumigare
219 5483 352 5553 sapienter
363 5486 397 5543 de
418 5488 539 5544 amnibus
558 5504 617 5555 aare
628 5490 697 5558 fiunt
716 5491 764 5547 tui
778 5491 842 5549 sole.
895 5486 1105 5545 tentamenta
1128 5485 1272 5545 contrariis
1293 5486 1488 5558 intelliguntur,
1509 5497 1538 5547 et
1551 5490 1684 5565 sapientia

79 5584 186 5665 ‘bego
199 5606 235 5650 er
248 5601 344 5655 stacte
357 5595 522 5671 Hieronymo
533 5597 563 5655 ia
574 5598 648 5656 banc
661 5599 750 5658 locum
762 5618 769 5657 ι
780 5619 791 5656 ι
805 5602 839 5660 lit
850 5602 875 5661 sl
885 5618 960 5673 casu,
973 5600 1020 5660 ubi
1031 5599 1217 5691 prouideutlal
1231 5600 1261 5660 Si
1270 5599 1383 5678 judicio,
1393 5603 1439 5663 ubl
1450 5603 1591 5678 Justltialr
