4075 6192
143 305 188 364 ur
601 285 605 297 ’
869 304 1058 364 susinum.
1721 310 1775 370 tes

333 428 335 433 ·
385 425 400 456 ι
417 411 584 470 misnens
602 408 689 470 ccvi.
906 440 910 449 ·
945 414 1044 480 Atibi,
1058 412 1093 470 de
1112 413 1257 486 longinqua
1276 415 1386 487 regione
1404 416 1566 482 revertenti,
1581 419 1776 485 emeremni

427 516 463 558 an
480 516 648 558 urserrmnu.
725 528 727 535 ·
985 511 1014 559 tu
1029 519 1083 561 uon
1097 506 1247 562 tardaveris
1262 520 1374 577 surgere
1393 515 1422 562 et
1440 505 1532 564 dicere
1545 526 1553 561 r
1570 507 1659 573 Peter,
1672 511 1777 580 precari

146 590 525 667 meermannianam
537 589 745 660 pemeraitntem,
759 588 832 644 etad
847 602 935 643 emen·
984 594 1012 647 ιἰι
1033 592 1125 647 amam
1144 603 1273 650 eteorum
1292 605 1326 659 de,
1346 595 1406 649 ideo
1425 612 1477 651 non
1497 613 1555 651 amu
1575 597 1671 669 dipem
1689 600 1777 654 menri

398 659 531 714 dmm
543 659 674 714 ''Wlffl-
983 679 1057 748 filius
1070 690 1131 736 taus
1143 680 1219 753 (Luc.
1234 697 1281 744 xv,
1295 681 1351 741 ill.
1367 683 1402 737 Et
1413 697 1467 739 non
1481 684 1566 740 solum
1579 685 1708 752 ebriare,
1727 688 1776 748 sed

177 771 393 828 lbiiectissimo
408 768 472 824 utin.
984 778 1068 824 οιιιιιι
1087 771 1257 840 amplectari,
1275 772 1403 836 oscrriml,
1415 773 1569 843 optimaque
1583 774 1776 832 iuduernstola

177 863 337 919 dulcissime
350 861 405 927 dli,
420 858 505 915 irater
518 867 547 915 et
560 859 657 923 amice,
671 857 749 927 enjus
762 873 859 913 nomeu
872 867 936 928 opto
984 866 1014 912 et
1025 856 1126 912 annulo
1137 873 1236 913 ornare
1254 866 1283 913 et
1294 859 1484 915 calceamentis
1495 861 1613 926 munire,
1625 862 1736 933 insuper
1748 873 1777 920 et

142 966 172 1013 nt
183 956 303 1012 caelestis
322 952 485 1008 bibliotheca
500 957 591 1005 teneam
611 950 639 1004 in
657 957 799 1004 aurnum.
820 947 890 1004 Olim
909 957 935 1004 te
984 946 1120 1003 deducere
1133 948 1287 1019 dignabitur
1304 949 1332 1003 in
1345 949 1455 1005 domum
1474 950 1633 1007 deliciarum
1651 968 1774 1019 mamm,

142 1046 235 1118 geum,
257 1042 370 1107 nutrivi,
390 1040 455 1106 alui,
473 1040 548 1096 etad
567 1039 716 1111 perfectuum
735 1040 824 1095 virum
837 1052 935 1110 usqne,
984 1051 1040 1106 qua
1058 1036 1186 1109 angelicis
1205 1038 1362 1109 mrrjunetur
1381 1039 1505 1105 ooetiim,
1525 1040 1604 1096 beuta
1626 1045 1777 1101 aeternitate

144 1135 199 1190 beo
210 1135 339 1197 donante
349 1131 473 1201 perduxi,
487 1130 590 1185 artibus
602 1129 722 1185 studiose
734 1128 882 1194 eruditum,
892 1142 937 1181 sa·
985 1136 1014 1184 et
1024 1137 1126 1183 amma
1136 1129 1301 1185 beatitudine
1312 1130 1469 1188 meruius
1482 1150 1489 1186 ι
1504 1132 1588 1198 Raeti,
1601 1136 1646 1204 qui
1657 1137 1777 1194 Ιιιιιιιιιιι

142 1224 250 1297 menda
262 1222 319 1279 sole
331 1220 518 1285 illuminatum,
531 1219 651 1275 moribus
660 1219 781 1288 apprime
792 1224 935 1281 ornatarm3
985 1216 1013 1269 iu
1026 1215 1104 1271 domo
1118 1217 1299 1285 ambonem,
1312 1220 1340 1273 in
1352 1219 1478 1276 mutarn
1493 1223 1583 1277 saculi
1595 1222 1742 1282 madebant
1752 1238 1777 1283 te

143 1317 182 1371 ita
201 1322 233 1370 nt
252 1322 326 1369 nram
340 1311 447 1367 laudem
460 1320 517 1366 tota
531 1324 600 1381 pene
613 1310 738 1365 decantet
751 1308 824 1378 regio
838 1305 934 1379 [codd.
986 1302 1074 1374 (esd.
1088 1320 1204 1372 ιιιιιιι,
1216 1304 1255 1377 5).

142 1424 193 1461 ars.
208 1405 320 1473 Satist,
339 1401 502 1474 Britannia],
523 1409 553 1456 et
569 1401 650 1456 latior
667 1408 710 1456 est
728 1397 800 1456 lama
820 1398 937 1453 uomirris
1223 1426 1236 1455 e
1257 1414 1424 1475 gpqspogg
1442 1416 1539 1475 gerg,

143 1496 182 1550 tui
195 1508 278 1566 quam
299 1492 395 1548 notitia
416 1490 496 1546 iudei
518 1499 580 1545 trra.
602 1488 749 1560 iiujrrsego
768 1487 817 1543 tibi
830 1488 937 1543 decoris
1186 1521 1227 1560 g„
1251 1522 1373 1563 „qm
1396 1523 1577 1567 mmm

142 1585 267 1648 demitti,
286 1582 423 1639 Christum
441 1582 572 1646 ΟΜΝ,
593 1581 699 1651 θᾶἰῑῑῑθΐ
718 1579 820 1645 miili,
839 1586 869 1634 0²
886 1594 937 1650 ΡΝ
988 1592 1160 1664 Βεριειιιιιάίι
1173 1595 1295 1667 discipali
1311 1614 1443 1669 perversos
1461 1616 1555 1667 mores,
1568 1610 1593 1656 et
1607 1602 1642 1656 ed
1654 1605 1778 1659 emendo·

143 1673 241 1728 ririam
255 1687 377 1728 mearum
397 1672 520 1744 portione
533 1671 609 1736 tc,si
630 1684 683 1726 nnn
704 1670 826 1735 idoneus,
842 1677 933 1725 umen
989 1708 991 1711 -
1024 1666 1120 1745 tionem
1135 1667 1193 1745 uite
1213 1676 1335 1737 prouocet
1353 1667 1468 1740 exemplo
1482 1672 1620 1741 eujusdam
1638 1674 1780 1747 mancepi-

143 1762 326 1829 roluutarius,
346 1763 416 1818 sient
434 1763 521 1834 potui,
533 1771 562 1818 et
580 1761 669 1817 adhuc
682 1761 821 1817 absentem
841 1758 939 1815 obnixe
956 1756 977 1815 Β
1023 1749 1104 1805 “⁰9'’
1117 1733 1179 1788 ⁰²‘m
1192 1737 1233 1789 ⁸¹⁸5
1247 1736 1427 1809 ⁰⁰¹²d5⁸s¹i³²⁴¹b

142 1850 312 1907 nradouibus
333 1865 492 1921 pmsequar,
516 1865 596 1919 quem
618 1850 754 1920 quondam
777 1855 937 1919 praesentem
1022 1843 1243 1919 di‘ilinprodigo
1257 1845 1338 1904 Pater
1351 1847 1444 1919 lugens
1458 1849 1582 1908 salutem.

143 1943 231 1999 neris
240 1941 388 2012 disciplinis
400 1940 521 2012 protexi.
536 1939 590 1997 Sed
607 1956 657 2013 per
670 1939 728 2010 eius
739 1950 767 1995 te
785 1940 938 1996 misericor·
1024 1932 1262 2009 Quisdnbitcopiti
1274 1955 1332 1993 men
1343 1956 1438 2010 dquam
1451 1951 1476 1996 et
1488 1941 1584 2011 fontem
1600 1942 1779 2016 laerymarum

143 2036 217 2091 diam
230 2034 360 2090 intentius
371 2033 503 2103 deprecor
513 2034 559 2103 qui
572 2047 621 2087 nos
632 2031 762 2096 redemit,
777 2028 939 2085 illuminavit
987 2028 1071 2087 oeulis
1084 2029 1147 2084 mma
1159 2029 1225 2101 (ier.
1238 2044 1277 2096 ιι,
1292 2031 1329 2102 l),
1340 2038 1370 2086 ut
1381 2031 1517 2103 plangam,
1529 2049 1581 2090 non
1592 2035 1778 2107 imaginariam

143 2134 173 2183 et
189 2125 331 2191 exaltavit,
348 2132 377 2180 et
396 2138 451 2180 sum
471 2124 616 2196 agnitionis
634 2123 779 2193 participes
796 2119 886 2176 elieeit
903 2133 938 2175 ne
987 2119 1124 2175 civitatem
1137 2118 1263 2177 chunna
1284 2122 1433 2191 perituram
1453 2122 1573 2189 bamma,
1586 2127 1636 2181 sed
1649 2129 1778 2193 animam,

144 2217 272 2275 maritad
292 2231 376 2282 mee,
395 2230 455 2287 qna
476 2229 519 2270 me
532 2227 586 2269 nou
605 2213 670 2269 sinit
681 2221 783 2276 mecm,
797 2210 937 2273 irascaris,
986 2210 1133 2281 imaginem
1146 2209 1245 2267 Christi
1258 2211 1403 2282 inclytam,
1417 2212 1560 2271 etiullnita
1573 2231 1780 2286 permansuram

144 2309 169 2366 ri
180 2307 284 2379 aliquid
294 2306 388 2362 durius
397 2313 485 2360 tecum
497 2303 601 2373 loquar.
617 2302 701 2374 Urget
709 2301 780 2357 emm
791 2315 835 2356 me
848 2307 939 2371 pater·
986 2304 1155 2360 eternitate?
1168 2304 1238 2360 lieu!
1255 2305 1324 2363 heu!
1338 2306 1430 2362 infelix
1444 2309 1534 2364 aniura
1545 2311 1552 2365 l
1568 2325 1601 2366 ex
1616 2311 1703 2382 pretio
1715 2327 1780 2370 aan-

144 2404 238 2460 uitath
248 2399 362 2457 adectm
373 2398 436 2464 lari,
449 2398 520 2469 qnod
532 2398 677 2468 pennigero
687 2409 796 2451 rumore
808 2400 938 2449 narrante
986 2395 1075 2466 guinis
1098 2394 1199 2452 Christi
1222 2396 1340 2463 nobilis,
1365 2396 1413 2453 sed
1438 2413 1472 2454 ex
1495 2399 1599 2470 peceati
1622 2401 1782 2473 emtagione

145 2494 240 2559 didiei,
259 2491 323 2563 quia
343 2490 467 2561 medam
486 2489 545 2559 agis
558 2502 619 2558 qnae
637 2500 688 2541 nee
706 2494 759 2541 tare
776 2485 940 2540 conueniunt
987 2484 1138 2555 ignobilis:
1160 2499 1246 2555 spiare
1269 2485 1430 2557 dereliquisti
1453 2487 1550 2558 {currem
1569 2490 1629 2544 uite
1647 2501 1671 2544 et
1690 2492 1726 2560 ie:
1737 2492 1782 2546 isti

144 2584 230 2654 210
240 2582 375 2654 dignitati,
388 2595 439 2636 nee
450 2594 517 2635 mete
529 2578 636 2650 manent
646 2575 781 2631 dilectioni
793 2593 802 2630 ι
814 2575 878 2646 quia
890 2589 940 2629 uo·
987 2573 1034 2626 riti
1046 2574 1172 2631 dumus
1184 2574 1324 2643 dissipatus
1336 2574 1444 2639 (ierem.
1460 2592 1496 2644 rr,
1512 2578 1576 2647 ledi
1588 2577 1737 2645 Cisternas,
1752 2581 1782 2637 iu

141 2672 193 2735 lim
213 2672 315 2732 lamam
334 2671 467 2727 claritatis
481 2677 534 2725 mae
548 2667 660 2723 mamlis
675 2665 775 2721 fuscari
795 2665 889 2735 nigris,
903 2677 938 2719 ne
987 2662 1150 2732 quihusnon
1163 2671 1206 2719 est
1218 2678 1288 2733 aqua
1308 2662 1414 2729 salutis,
1429 2664 1477 2719 sed
1496 2664 1666 2723 volutabrum
1684 2681 1782 2736 porcu-

143 2762 217 2817 aiius
227 2761 276 2817 tibi
288 2760 408 2817 debitum
421 2759 552 2829 subripiat
572 2757 671 2820 locum,
685 2763 715 2810 ut
735 2754 771 2810 sit
784 2752 937 2809 dociminus
988 2768 1049 2807 rum
1060 2751 1158 2825 [lidir.,
1169 2752 1319 2826 pecorum].
1332 2753 1422 2821 Quare
1434 2754 1558 2811 dimisisti
1569 2764 1686 2826 patrem,
1696 2758 1743 2828 qui
1754 2766 1782 2814 tn

143 2852 284 2922 grimanei
303 2851 403 2923 primam
424 2849 578 2905 andniman
599 2845 705 2919 (danti.
719 2861 776 2910 ιιι,
790 2843 847 2915 50).
869 2843 938 2910 enin
988 2841 1024 2897 ah
1036 2841 1150 2897 iuiantia
1163 2842 1290 2908 crudivit,
1301 2844 1347 2914 qui
1361 2852 1387 2898 te
1400 2842 1548 2914 disciplinis
1560 2844 1716 2901 liberalibus
1730 2846 1782 2901 im-

145 2949 200 3005 eat,
219 2939 270 3006 iili,
287 2939 359 3010 quod
378 2938 412 2994 de
431 2947 457 2997 te
477 2938 569 3004 audio,
584 2952 636 2995 nou
652 2951 706 2992 uno
718 2935 838 3006 quolibet
850 2934 877 2990 in
890 2949 939 2989 an·
987 2933 1066 3001 buit,
1088 2933 1208 2993 moribus
1230 2935 1375 3000 instruxit,
1398 2944 1534 3006 perpetuae
1556 2936 1618 2992 rite
1640 2936 1782 3007 praecptis

143 3031 209 3104 gudo
221 3038 391 3096 musnrrante,
409 3029 456 3087 sed
468 3028 591 3102 piurimis
608 3026 713 3099 publice
726 3041 787 3082 nrm
801 3026 857 3081 risu
875 3040 939 3081 nar·
988 3023 1112 3089 munivit,
1126 3031 1155 3079 et
1169 3021 1283 3091 jamim
1303 3030 1329 3079 te
1342 3031 1495 3079 scortorum
1516 3023 1652 3096 gregibus,
1672 3032 1780 3095 potato-

146 3119 293 3176 rantibus:
309 3118 380 3189 quod
400 3116 548 3189 puerilibus
567 3116 655 3172 adhue
667 3115 806 3171 deservias
823 3114 938 3169 immuu-
951 3097 973 3161 C
988 3130 1048 3170 rum
1068 3114 1209 3179 conviviis,
1223 3113 1434 3186 superbientium
1446 3113 1628 3169 vanitatibus?
1644 3113 1738 3170 Nonne
1753 3122 1782 3169 tu

146 3212 233 3276 ditiis,
245 3219 274 3266 et
292 3224 351 3280 quae
363 3223 501 3285 nunquam
521 3207 611 3263 iacere
629 3206 779 3271 debuisses,
800 3220 938 3277 nunquam
987 3222 1019 3263 es
1038 3205 1252 3262 adolescentulus
1271 3205 1326 3273 ille,
1346 3206 1467 3262 omnium
1485 3219 1533 3261 are
1551 3205 1703 3271 laudabilis,
1721 3219 1782 3261 om·
1827 3238 1832 3249 ·

147 3302 285 3358 dimittere
296 3300 428 3356 noluisses
443 3296 542 3377 [velis].
566 3297 617 3353 Ubi
636 3304 678 3352 est
695 3295 862 3352 nobilissima
876 3311 939 3350 eru·
988 3299 1062 3353 nium
1076 3295 1162 3353 oeulis
1174 3296 1308 3363 amabilis,
1322 3296 1444 3351 omnium
1456 3296 1568 3352 auribus
1580 3295 1784 3352 desidemhilisi

145 3393 215 3457 ,ᾱιιίο
229 3391 295 3447 tua?
311 3390 360 3448 libi
372 3399 414 3446 est
432 3388 621 3446 clarissimain
643 3387 789 3460 seripturis
801 3388 886 3443 saeris
899 3388 940 3449 in·
988 3389 1060 3447 ileu!
1084 3389 1152 3449 bea!
1177 3403 1250 3444 nunc
1261 3388 1382 3445 omnium
1403 3400 1452 3447 ore
1472 3386 1700 3458 reprehensibilis,
1722 3401 1782 3442 nm-

147 3482 253 3538 dustria
266 3480 331 3536 tuai
350 3479 401 3537 Ubi
415 3495 520 3535 morum
533 3478 708 3539 excellentia?
722 3477 773 3535 Ubi
789 3478 870 3534 animi
884 3477 940 3534 ior-
988 3482 1063 3547 pium
1073 3482 1159 3542 omlis
1165 3481 1351 3547 exsecrabilis,
1359 3482 1479 3537 omnium
1491 3479 1781 3541 auribusdetestebiiis.

148 3572 254 3628 titudo?
270 3571 319 3628 Ubi
333 3571 412 3626 timor
425 3568 572 3641 gehenne?
594 3567 644 3640 tibi
662 3583 725 3640 spes
742 3567 852 3640 gloriari
865 3568 939 3637 Qun·
988 3572 1095 3641 Quinte
1105 3574 1145 3630 sic
1157 3572 1296 3637 subvertit,
1309 3573 1360 3630 nisi
1371 3570 1488 3627 ebrietas
1497 3578 1526 3625 et
1536 3568 1658 3623 lunnriai
1669 3566 1735 3634 Quis
1744 3575 1782 3634 te,

143 3660 229 3724 mdo
241 3660 287 3715 illa
307 3667 464 3731 perpetrare
475 3673 530 3713 non
543 3657 691 3722 horrescis,
704 3673 764 3728 quae
777 3656 837 3713 aliis
849 3657 941 3729 limbi·
989 3662 1107 3721 formose
1119 3677 1196 3735 puer,
1209 3661 1279 3716 illius
1292 3659 1429 3722 Ecclesia,
1442 3656 1596 3712 venerabile
1609 3655 1710 3721 lumen,
1721 3671 1784 3728 per·

147 3750 214 3807 bere
232 3748 388 3806 debuisses?
407 3747 580 3811 Convertere,
595 3746 802 3810 obsecrabam
821 3747 940 3801 animum
989 3760 1077 3814 suasu
1085 3769 1183 3826 porcos
1192 3765 1314 3822 pascere,
1321 3751 1355 3806 de
1365 3749 1469 3821 siliquis
1478 3763 1572 3805 eorum
1581 3747 1783 3821 edereiSurge,

149 3847 225 3897 mum
239 3836 318 3911 [Cedi-
334 3835 405 3905 Sub,
418 3838 445 3892 in
459 3836 508 3909 te]‚
530 3845 559 3892 εἰ
572 3837 614 3892 dic
628 3851 689 3892 cum
702 3838 833 3913 prothei-t
850 3855 857 3890 τ
875 3836 941 3902 Qvt'·
991 3846 1046 3911 iili,
1061 3859 1142 3916 surge
1155 3851 1183 3901 et
1199 3849 1337 3898 reuertere
1352 3839 1387 3895 ad
1404 3848 1510 3910 patrem
1523 3847 1615 3906 tuum,
1633 3848 1662 3896 et
1675 3839 1720 3896 dic
1731 3854 1784 3896 sm-

148 3928 221 3988 dotu't
238 3928 319 4000 cupiti
340 3944 397 3983 meo
417 3943 512 3997 equum
525 3935 548 3980 et
561 3927 658 3995 [entem
670 3926 846 3998 lacrumarum
859 3927 941 3981 omlis
987 3936 1063 4006 pius,
1075 3948 1128 3993 non
1141 3930 1225 3991 semel
1236 3948 1244 3985 ι
1256 3928 1337 3988 Pater
1347 3928 1450 4000 paeoni
1464 3928 1493 3981 in
1505 3926 1597 3985 coium
1611 3937 1636 3985 et
1648 3944 1736 3987 aarum
1746 3937 1783 3993 te,

149 4021 225 4087 meir,
250 4028 279 4074 ut
302 4018 424 4091 planann
444 4020 487 4075 die
509 4038 540 4075 nc
561 4032 636 4083 nocte
659 4020 749 4095 (loun,
771 4036 810 4087 ιι,
826 4020 864 4095 i),
886 4035 941 4077 nnn
990 4016 1783 4092 ,irrequietumdtqnnrmcartrtimravrqtm.uvat).

150 4106 302 4166 iemsalcm
327 4108 472 4180 babylonio
496 4109 558 4182 igne
584 4118 726 4175 usturam,
752 4109 799 4165 sed
823 4111 942 4166 animam
991 4114 1228 4173 Adtrncquxam
1249 4111 1332 4184 219
1353 4109 1441 4166 iernen
1458 4119 1497 4165 eat
1516 4109 1544 4167 in
1565 4117 1601 4173 te,
1614 4123 1700 4172 curre,
1721 4107 1785 4167 duur

151 4199 336 4257 sodomitanis
349 4197 465 4255 flammis
476 4215 611 4255 arsuram.
625 4200 677 4255 Per
691 4200 794 4271 singula
808 4209 943 4255 momenta
991 4207 1076 4261 iucem
1093 4203 1181 4266 debes,
1204 4219 1236 4257 ne
1247 4201 1324 4257 modo
1344 4210 1449 4263 eterne
1468 4198 1622 4271 perditionis
1636 4197 1784 4253 tenebrata

150 4299 281 4364 properat
301 4291 377 4347 dirus
395 4300 516 4359 exactor,
535 4308 614 4363 quem
636 4291 724 4349 nuilus
739 4292 826 4347 vitare
844 4299 941 4363 potest.
992 4293 1186 4369 appretiandum
1208 4292 1299 4367 (toan
1318 4307 1368 4355 ιιι,
1386 4290 1442 4362 35).
1466 4288 1553 4345 Crede
1575 4288 1602 4343 in
1626 4295 1785 4358 perpetuam

152 4382 220 4452 Quid
233 4383 409 4454 respondebis
424 4391 487 4439 tuuc
506 4385 658 4456 equissimo
666 4383 751 4453 judici
765 4393 821 4451 tuo,
836 4384 859 4441 si
872 4399 943 4440 nune
993 4386 1176 4443 miserationis
1191 4385 1290 4449 lucem,
1304 4391 1335 4439 ut
1349 4382 1419 4439 lilius
1432 4381 1500 4437 lucis
1514 4380 1574 4436 iias.
1588 4379 1651 4437 Pius
1669 4387 1712 4436 cst
1731 4378 1785 4435 Pa·

152 4489 205 4534 nou
217 4472 335 4543 corrigis
346 4470 493 4533 loedissirna
511 4472 581 4533 taen
599 4474 660 4529 tuni
681 4471 800 4530 Obsecro
819 4483 857 4541 te,
876 4473 943 4530 diic-
958 4441 981 4501 υ
995 4487 1046 4542 ter,
1058 4477 1150 4534 statim
1163 4482 1289 4531 oemrret
1301 4472 1444 4529 revertenti
1467 4471 1527 4537 tibi,
1549 4478 1579 4528 et
1600 4472 1626 4527 iu
1645 4470 1786 4540 amplexus

152 4565 273 4621 ctissime
288 4560 335 4628 nti,
348 4576 397 4632 per
412 4570 542 4621 terrorem
558 4561 749 4631 iliiusjudieii,
763 4565 834 4635 quod
848 4579 942 4620 omnes
993 4577 1055 4623 tuos
1067 4574 1137 4623 met.
1153 4564 1256 4621 Stoiam
1269 4564 1386 4636 primam
1405 4561 1682 4632 tibialicrrejubeltit,
1697 4570 1785 4618 dan·

153 4655 245 4716 subire
264 4654 395 4726 cogimur,
418 4664 448 4719 ut
465 4655 500 4711 ab
518 4657 571 4711 hac
589 4655 643 4721 die,
662 4672 715 4727 qua
736 4658 807 4712 haue
820 4656 943 4729 perlegas
991 4658 1057 4717 nula
1080 4656 1204 4729 imaginis
1224 4670 1280 4713 son
1299 4654 1439 4713 dexteram
1459 4654 1598 4712 decorabit
1619 4661 1702 4709 tuam
1726 4652 1786 4709 Noli

153 4746 321 4823 paginulam,
342 4747 436 4804 intimo
450 4747 541 4804 dolore
561 4747 700 4814 dictatam,
722 4763 789 4819 pura
811 4749 944 4804 charitate
993 4753 1095 4809 diodus
1107 4765 1157 4822 per
1169 4765 1265 4823 vepres
1284 4750 1409 4808 vitiorum
1428 4749 1504 4806 velut
1513 4750 1573 4805 oris
1586 4749 1692 4820 perdita
1704 4749 1783 4805 ober-

154 4837 347 4909 oanseriptarn,
361 4845 453 4892 saneta
468 4836 520 4893 ide
533 4835 687 4907 sigillatam,
700 4838 833 4893 constanti
854 4837 944 4892 animo
995 4858 1069 4910 mre,
1081 4842 1129 4900 sud
1140 4848 1277 4905 furmure
1287 4841 1392 4897 adeum
1403 4841 1450 4911 qui
1461 4840 1606 4912 nonaginta
1615 4856 1712 4897 novem
1721 4854 1787 4897 ores

153 4924 269 4998 incipias
281 4933 406 4982 menam
420 4925 498 4996 hujus
510 4925 648 4983 diabolice
662 4927 837 4997 suggestionis
850 4935 878 4983 et
895 4927 946 5015 im-
995 4935 1024 4990 in
1034 4933 1142 4994 ,eoelmti
1156 4932 1298 4991 ain'tudhre
1309 4932 1429 4995 dimisit,
1442 4938 1474 4986 nt
1485 4946 1579 4996 unam,
1592 4946 1653 5002 quse
1664 4930 1692 4989 in
1705 4930 1788 4987 terris

153 5013 204 5089 pie
215 5014 403 5071 consensionis
414 5014 591 5087 disrumpere,
602 5024 630 5071 et
643 5016 735 5088 procul
748 5032 763 5071 a
777 5023 803 5072 te
817 5017 944 5091 alrjicem,
994 5025 1109 5089 emunit,
1129 5024 1274 5089 inveniret,
1288 5030 1450 5095 reportaret,
1464 5030 1493 5079 et
1505 5021 1722 5079 collocaretenm
1736 5036 1789 5078 en·

155 5115 290 5176 qnatenm
303 5120 387 5176 puras
401 5115 427 5160 et
438 5102 538 5162 liberas
551 5121 647 5162 manus
660 5107 694 5162 ad
706 5107 848 5163 bominum
862 5107 946 5167 ὓιιιιιιι
996 5115 1063 5169 teris
1075 5113 1108 5167 ad
1119 5113 1417 5184 gaudiumarrgolnmm
1427 5113 1456 5170 in
1465 5111 1567 5169 ntalem
1580 5111 1668 5183 patria
1676 5110 1786 5183 (Metti.

156 5204 232 5252 tuum
253 5196 346 5255 levare
365 5195 458 5253 valeas
477 5197 505 5270 (i
519 5196 587 5259 Tim.
609 5215 640 5266 ιι,
661 5200 700 5270 8),
721 5200 767 5271 qui
787 5208 887 5271 presto
906 5209 949 5259 est
987 5218 1077 5268 ,xvim
1092 5201 1141 5267 {23
1154 5201 1219 5257 Luc.
1233 5217 1279 5269 xv,
1289 5200 1319 5268 i,
1329 5201 1367 5273 7),
1382 5200 1510 5273 Cogitam
1523 5201 1739 5272 eogita,quaata
1753 5200 1790 5255 sit

192 5323 206 5352 ¹
225 5310 304 5381 Apud
326 5309 426 5366 liabiil.
447 5310 525 5381 epist
541 5311 568 5369 9.
583 5311 679 5370 collata
698 5327 760 5371 eum
779 5311 850 5369 trinis
866 5314 946 5371 codd.
997 5316 1043 5371 iria
1058 5321 1179 5369 matur.
1195 5313 1235 5367 td
1256 5313 1380 5368 eumdem
1398 5320 1474 5384 puto,
1487 5313 1626 5383 pertinum
1645 5316 1790 5383 sequentes

157 5377 308 5451 salisburg.
317 5378 379 5434 etS.
390 5378 657 5503 Emmerami.5.lpud
665 5383 947 5458 Frobenepisttnr.)
998 5386 1058 5442 dum
1070 5382 1201 5453 epistole,
1215 5390 1244 5438 et
1256 5396 1365 5439 carmen
1378 5382 1541 5439 bellando.
1650 5434 1654 5441 .

582 5466 598 5504 ο

192 5447 404 5506 *lh'leetirsimo
422 5448 489 5519 filio.
505 5445 569 5505 Osni
617 5451 749 5517 fortassis,
766 5466 846 5523 quem
859 5454 950 5509 bimi·
1035 5448 1278 5520 concurrentem
1303 5451 1483 5508 collatarum
1505 5453 1584 5509 codd.
1608 5469 1673 5511 mss.
1703 5452 1790 5512 Salis·

158 5518 374 5574 nusobmomm
391 5520 553 5591 pravitatem
573 5522 669 5595 sepius
681 5523 820 5593 corripuit,
836 5531 865 5578 et
879 5533 950 5581 utse
998 5522 1126 5594 burgensi
1148 5531 1175 5578 et
1203 5522 1233 5579 S.
1267 5522 1441 5579 emmerami.
1472 5522 1561 5596 (Apud
1579 5524 1696 5585 Froben.
1707 5527 1790 5596 epist.

158 5589 318 5660 corrigeret,
333 5590 452 5654 monuit:
468 5597 550 5659 prout
569 5598 696 5645 namtnr
709 5594 735 5646 in
751 5590 811 5648 Vita
832 5593 948 5648 hleuinl.
1000 5592 1075 5651 rant

158 5656 237 5714 lliuru
248 5659 406 5715 Britannum
417 5658 500 5714 inisse
511 5666 659 5714 constater
669 5662 729 5714 cod.
739 5660 849 5727 Satist,
861 5664 888 5718 in
897 5679 950 5735 quo
1036 5663 1050 5704 i
1070 5660 1140 5717 Filio
1154 5661 1272 5735 prodige.
1284 5660 1342 5721 linc
1352 5659 1693 5728 uomincOsullumnotnri
1706 5662 1787 5727 etiarn

160 5729 247 5803 regio,
263 5731 339 5802 errius
353 5729 457 5794 initium
471 5729 551 5801 bajus
563 5729 682 5800 epistolae
699 5732 828 5798 meminit,
843 5733 950 5788 Britan·
1002 5732 1157 5790 linbillnnio
1171 5732 1295 5789 videtur:
1305 5731 1365 5790 tid.
1379 5732 1457 5804 epist.
1475 5732 1605 5804 priorem,
