4075 6192
166 249 219 309 157

432 362 629 421 mustela
648 366 692 421 xt.

164 471 200 511 to
231 467 397 510 litium!
430 468 518 509 1101!
548 471 583 510 E'l'
619 472 755 513 PMNCIPES
785 474 956 522 POPULUHQUB

363 539 633 581 1101111111111111111011111
657 542 760 582 neatis.

408 614 498 687 (Circa
516 632 617 672 aunum
635 616 710 690 toa.)

165 702 299 761 Hortatur
308 716 337 760 at
349 707 418 776 prati
429 707 481 761 siat
502 707 578 771 Boo,
592 718 620 761 at
636 708 747 764 colestia
758 712 844 780 potius
854 710 957 766 deside·

198 785 258 831 rent
271 792 351 847 qnam
362 787 483 842 terrena,
507 787 535 831 at
549 778 653 832 divitias
670 796 716 849 per
734 780 892 862 irrjnstitiurn
904 799 956 836 nou

267 854 335 911 tant,
356 846 419 900 vitia
440 855 465 900 et
483 856 589 917 peccatu
604 847 717 918 sapient,
740 849 890 916 radentem,
905 868 955 922 pn·

196 912 497 986 minutatimque,
513 917 680 972 concordiam
693 929 716 971 et
733 935 823 989 pacem
844 931 954 985 0010001,

197 986 366 1041 martiolum
377 985 562 1056 predicationi
575 1002 602 1040 re
613 986 777 1043 submittant.

893 256 1083 315 nerstein.

970 371 1118 436 Acalaris,
1134 372 1256 439 avaritia,
1271 382 1298 429 et
1312 374 1399 429 omnis
1419 375 1638 445 eoncupiscentia
1659 373 1740 439 mala,
1757 377 1796 429 si-

1746 265 1796 321 l58

1007 461 1125 517 nolentia
1139 460 1215 534 [lie.
1227 463 1376 537 violenrtal,
1389 464 1493 535 rapina,
1516 464 1664 529 mendacia,
1678 463 1794 531 luxuria,

1006 550 1158 617 lemieatio,
1171 552 1280 618 invidia,
1303 554 1458 621 homicidia,
1483 555 1639 619 ebrietates,
1660 570 1792 613 comessa·

1007 642 1105 708 tiones,
1130 642 1288 707 inimicitie,
1317 644 1444 713 superbia
1481 652 1508 698 et
1531 642 1664 714 perjuria,
1688 643 1795 701 dicente

1005 732 1155 803 apostolo:
1172 732 1223 797 Qut
1237 731 1302 786 talin
1314 742 1406 802 aquai,
1421 749 1527 803 requam
1548 733 1597 788 Dei
1607 751 1660 789 non
1677 736 1795 805 posside-

1007 824 1070 879 bant
1083 823 1154 898 (cat.
1167 840 1194 889 v,
1219 823 1276 894 el),
1301 825 1353 879 uisi
1376 824 1545 882 consessione
1563 835 1590 882 et
1610 827 1688 897 leuga
1708 829 1794 897 pmni-

1007 914 1090 969 tentia
1110 921 1137 968 et
1157 915 1335 984 eleemosynis
1359 915 1452 970 multis
1479 917 1664 972 emendentur.
1691 918 1793 974 linum-

1006 1006 1130 1074 quodque
1158 1021 1251 1060 eorurn
1280 1004 1356 1076 llis,
1387 1005 1495 1077 borum]
1532 1023 1592 1076 que
1621 1004 1807 1075 enumeravi,‘

197 1096 433 1155 pxoeqfflngmo
462 1097 519 1153 ppo
552 1099 566 1139 a
588 1098 728 1156 Μηρώ)
751 1101 822 1175 [Αιη
847 1103 955 1160 AEqhal.
1005 1111 1118 1166 regnum
1140 1096 1187 1151 bet
1206 1096 1330 1151 claudere
1344 1098 1453 1166 peterit,
1475 1106 1503 1152 et
1525 1096 1671 1153 infernales
1697 1114 1792 1169 peenas

163 1187 240 1262 mdo]
254 1188 313 1262 1031
334 1197 363 1243 οι
385 1188 480 1245 amici,
493 1189 658 1247 dulcissimi,
674 1202 685 1232 0
703 1190 822 1249 osbaldo
836 1196 954 1264 patricio
1005 1187 1112 1257 aperire
1125 1189 1237 1243 11001101.
1262 1189 1307 1244 Vae
1330 1188 1426 1244 animae
1449 1203 1508 1258 qum
1531 1187 1657 1243 ardentes
1671 1186 1793 1242 danimas

162 1290 191 1337 et
211 1278 226 1319 ὃ
242 1278 375 1335 osbercto
388 1277 450 1334 duci
473 1288 500 1335 et
521 1281 647 1336 omnibus
660 1280 787 1339 iraternae
803 1285 955 1341 dilectionis
1005 1293 1112 1349 semper
1128 1280 1260 1335 sustinere
1270 1279 1384 1350 cogitur.
1398 1279 1472 1334 Bona
1483 1294 1548 1334 sero
1569 1287 1632 1334 sunt
1644 1295 1725 1349 opera
1745 1294 1794 1347 per

162 1370 269 1435 amicis,
290 1368 421 1426 1101110111
445 1370 527 1425 levita
551 1379 660 1426 aeterne
684 1372 859 1430 beatitudinis
882 1374 954 1431 saln—
1004 1385 1065 1440 quae
1090 1371 1236 1426 ascendere
1259 1369 1285 1425 in
1308 1370 1406 1425 celum
1421 1385 1580 1441 possamus,
1596 1371 1715 1426 charitas
1732 1371 1792 1436 Ilei,

162 1472 229 1517 mm.
1003 1462 1091 1516 110001
1107 1461 1218 1517 iltiuset
1232 1463 1321 1526 timor,
1347 1461 1444 1532 vigilie
1469 1462 1523 1533 18
1546 1472 1574 1518 et
1598 1463 1735 1518 orationes
1757 1462 1790 1516 ad

196 1550 325 1606 Suaritas
348 1550 435 1609 sancti
456 1550 558 1606 amoris
581 1551 679 1620 saepius
694 1566 738 1606 me
751 1553 823 1623 eoqit
836 1553 870 1609 de
884 1554 954 1609 anti·
1003 1551 1100 1618 Deum,
1115 1553 1223 1608 dileetio
1240 1553 1390 1617 bominum,
1413 1563 1440 1608 et
1461 1553 1646 1609 misericordia
1662 1554 1690 1608 in
1704 1554 1792 1610 bemi-

161 1657 216 1713 qua
239 1640 386 1696 admonere
410 1641 539 1705 amicitia,
566 1641 600 1695 de
623 1640 774 1697 animarum
799 1650 953 1698 vestrarum
1003 1658 1062 1707 nes,
1077 1650 1104 1697 et
1121 1644 1245 1699 remissio
1257 1644 1431 1713 peccantibus
1443 1645 1470 1699 iu
1489 1644 1669 1716 nos;justitia
1686 1643 1793 1714 10111111-

161 1732 259 1800 odae,
279 1742 308 1788 et
328 1731 363 1789 de
380 1731 442 1787 tidei
463 1733 588 1796 veritate,
611 1739 639 1787 et
652 1733 685 1787 de
700 1733 776 1803 pacis
795 1735 951 1800 concordia,
968 1711 1063 1807 Bclip,
1078 1735 1179 1789 veritas
1203 1734 1229 1789 in
1242 1735 1341 1799 serbis,
1362 1735 1491 1804 patientia
1515 1736 1542 1791 in
1563 1736 1791 1803 adversitatibus,

160 1839 246 1893 qnam
267 1822 368 1878 babere
387 1821 492 1877 debetis
508 1822 580 1877 inter
593 1838 658 1889 ros;
672 1824 736 1893 qnia
749 1825 877 1890 amicitia,
892 1840 952 1894 quat
1001 1823 1102 1878 nemini
1121 1823 1233 1878 reddere
1255 1823 1355 1878 malum
1379 1840 1428 1894 pro
1450 1824 1538 1886 malo;
1566 1824 1735 1896 eleemosyna
1764 1826 1791 1880 in

160 1914 252 1972 deseri
267 1921 364 1984 potest,
380 1914 662 1985 rrunquaarneralnit.
676 1916 786 1972 Amicus
801 1917 887 1973 tidelis
905 1917 952 1973 din
1001 1930 1143 1987 pauperes,
1161 1915 1313 1987 benignitas
1333 1916 1359 1969 in
1378 1930 1473 1971 omues
1495 1916 1627 1982 homines,
1644 1915 1732 1985 pietas
1756 1914 1790 1971 ad

159 2006 303 2078 queritur,
316 2006 360 2061 rix
375 2005 521 2072 invenitur,
533 2003 641 2062 difficile
656 2009 859 2065 seminales
874 2024 950 2079 que·
1000 2008 1112 2073 amicos,
1131 2006 1199 2062 fides
1211 2014 1285 2062 reeta
1300 2007 1326 2061 in
1340 2007 1433 2070 licum,
1450 2023 1512 2078 spes
1526 2010 1604 2063 tirma
1617 2008 1646 2062 in
1659 2007 1730 2063 illins
1742 2009 1791 2063 be-

160 2113 225 2153 sens
237 2097 327 2153 inveni
343 2099 463 2155 amicos:
480 2096 606 2170 [servabo
623 2098 736 2172 amicos]
755 2114 804 2156 nec
816 2100 951 2156 dimittam
1001 2099 1123 2165 nitatem,
1138 2099 1270 2155 modestia
1295 2100 1323 2154 in
1342 2100 1520 2166 vestimentis,
1538 2108 1566 2155 et
1588 2100 1616 2154 in
1640 2101 1714 2154 ornari
1738 2116 1787 2153 usu

159 2187 231 2259 (rosi
247 2202 315 2258 ques
325 2202 417 2243 amare
430 2190 509 2259 coepi.
526 2189 561 2244 Et
573 2191 596 2246 si
606 2190 696 2261 lingua
713 2197 801 2247 taceat
811 2200 901 2247 vestra
917 2193 951 2248 de
1000 2189 1091 2247 saeculi
1105 2190 1293 2260 temperentia,
1313 2190 1478 2244 continentia
1500 2190 1527 2244 in
1545 2190 1606 2245 cibo
1623 2197 1650 2245 el
1662 2198 1738 2259 potu,
1763 2190 1789 2244 in

160 2293 214 2343 me,
231 2278 328 2334 tinere
343 2285 432 2335 tamen
454 2294 522 2336 meae
547 2296 601 2336 nnn
623 2289 731 2337 taceant
755 2280 832 2354 [lir.,
848 2280 951 2355 tacent]
1000 2292 1092 2341 mente
1120 2285 1281 2349 humilitas,
1303 2284 1331 2338 in
1355 2282 1477 2338 moribus
1500 2283 1638 2345 honestas,
1666 2281 1788 2338 inomni

159 2369 296 2435 elevabis,
328 2371 375 2425 sed
393 2383 506 2442 ‘semper
531 2372 663 2428 admoneo
674 2373 824 2429 devotionis
850 2374 949 2439 studio,
999 2374 1055 2429 nita
1068 2376 1192 2445 aequitas.
1207 2374 1240 2430 lli
1258 2380 1320 2430 suut
1338 2372 1438 2445 gradus
1450 2388 1499 2442 per
1510 2386 1578 2441 ques
1588 2369 1686 2425 eoelunr
1700 2385 1791 2424 aseens-

158 2473 276 2529 qunruur
311 2472 420 2529 semper
451 2458 578 2516 desidero
606 2462 796 2533 prosperitatis
823 2463 949 2519 salutem.
1000 2465 1084 2533 ditur,
1099 2466 1126 2522 bi
1141 2472 1204 2521 sunt
1225 2479 1315 2521 mores
1334 2464 1380 2533 qui
1395 2463 1519 2519 homines
1537 2460 1789 2517 iaciuntlaudedi·

159 2548 284 2620 Cogitate
296 2549 416 2619 qutsros
428 2547 463 2606 de
476 2550 617 2622 multiplici
628 2552 752 2609 liberarit
766 2554 948 2622 tribulatione,
1001 2571 1078 2627 qnos,
1094 2557 1152 2612 baec
1170 2562 1233 2611 sunt
1244 2569 1325 2626 opera
1338 2569 1398 2624 quae
1420 2552 1517 2622 gaudia
1535 2558 1673 2606 merentur·
1688 2551 1787 2619 sempi-

158 2640 266 2712 qeeties
295 2647 474 2709 presentem,
502 2640 561 2710 eins
590 2641 794 2708 misericordia,
826 2644 951 2700 evasistis
1000 2644 1348 2714 terna,baecestsapieutia
1362 2657 1435 2707 vera,
1449 2639 1791 2708 utbomosiiiproevideat

160 2740 290 2797 1110110οη
307 2731 414 2801 quoties
426 2732 459 2787 de
471 2746 551 2786 mann
562 2731 734 2787 inimieorum
750 2733 836 2801 erepti
849 2731 948 2789 inistis.
1000 2735 1135 2808 quomodo
1151 2735 1179 2790 in
1200 2742 1331 2789 aternum
1349 2731 1464 2788 feliciter
1478 2730 1560 2784 rival.
1573 2727 1732 2784 Nullatenus
1744 2731 1790 2784 bo-

160 2823 348 2881 ileeordamini
368 2823 429 2892 quis
442 2822 520 2878 robis
542 2837 638 2879 omnes
655 2824 815 2893 perdonavit
833 2825 950 2882 bonores
1000 2840 1046 2881 mo
1062 2823 1151 2895 perire
1169 2822 1281 2892 peterit,
1294 2821 1364 2877 sieut
1385 2819 1485 2876 animal
1502 2818 1648 2889 quodlibet,
1668 2818 1714 2874 sed
1728 2829 1790 2889 post

158 2930 229 2988 qnos
243 2915 351 2971 habetis
364 2914 559 2985 prosperitates
571 2913 649 2987 lile,
668 2915 810 2990 prospera]
825 2916 948 2985 eontulit,
999 2916 1071 2971 bane
1092 2904 1174 2970 si'tam
1191 2914 1312 2968 rietnrus
1336 2913 1387 2968 erit
1409 2913 1435 2966 in
1446 2904 1584 2967 ⁸aeternum
1604 2911 1703 2976 :bene
1727 2926 1789 2982 pro-

158 3007 290 3064 tanitates
318 3005 432 3077 largitus
454 3014 506 3070 est,
529 3007 655 3063 omnibus
681 3022 730 3062 ros
759 3009 858 3063 vestris
885 3007 950 3065 iecit
977 3012 1061 3075 ,pter
1082 3004 1151 3059 bona
1168 3018 1266 3073 opera;
1288 3002 1367 3066 male,
1388 3008 1498 3071 propter
1520 2999 1591 3054 mala
1611 3000 1791 3069 ope1a3qnia

158 3097 277 3153 inimicis
293 3096 473 3154 sublimiores.
498 3094 546 3151 llis
563 3096 688 3153 omnibns
701 3098 779 3153 bonis
800 3099 884 3155 nolite
904 3099 947 3154 ln-
1000 3092 1073 3149 Deus
1083 3093 1227 3162 uuicuique
1237 3091 1329 3147 reddet
1344 3088 1420 3163 illa,
1439 3087 1537 3161 reddit]
1549 3089 1693 3144 secundnm
1707 3104 1788 3158 opera

158 3188 230 3261 grati
242 3201 313 3254 esse,
326 3187 498 3258 qniabornrn
514 3186 601 3256 gratia
619 3187 753 3243 1101101001
767 3188 852 3245 vitam
865 3204 950 3246 mere·
1000 3202 1050 3243 sua
1069 3184 1177 3256 (llattb.
1194 3200 1254 3249 xrr,
1269 3183 1326 3256 27).

158 3277 235 3332 bitur
247 3277 449 3348 sempiternam.
464 3275 519 3330 Nec
540 3276 600 3332 laec
621 3274 737 3334 felicitas
762 3280 844 3351 bulas
858 3279 948 3336 seculi
1035 3278 1123 3334 Nolite
1140 3278 1254 3349 injustas
1271 3291 1363 3331 amare
1383 3275 1500 3339 divitias,
1523 3274 1586 3344 quia
1610 3274 1699 3329 0111011
1722 3272 1790 3341 inju-

157 3375 264 3424 aeterna
279 3379 340 3422 ease
351 3367 459 3437 peterit.
483 3365 595 3423 studete
612 3367 825 3438 diligentissime,
842 3377 873 3423 ut
888 3378 949 3440 post
1000 3368 1075 3425 stitia
1085 3367 1225 3423 ulciscitur
1239 3382 1253 3421 a
1267 3365 1333 3431 Deo,
1347 3374 1375 3421 et
1388 3364 1485 3420 melior
1502 3372 1545 3419 est
1566 3361 1718 3419 benedictio
1741 3361 1789 3415 liri

158 3455 212 3511 bos
229 3455 348 3510 bonores
364 3462 493 3520 terrenos,
516 3455 639 3512 celestes
663 3457 763 3513 babere
778 3457 947 3513 mereamini.
999 3475 1082 3531 qnam
1105 3473 1200 3515 omnes
1226 3457 1327 3513 divitiae
1352 3458 1455 3512 mnndi.
1484 3454 1618 3526 Quidquid
1642 3456 1667 3509 in
1691 3453 1792 3509 saecule

158 3543 258 3601 Omnia
273 3542 351 3614 btrjas
364 3546 455 3602 seculi
469 3546 663 3603 delectamenta
681 3547 754 3603 reiut
771 3548 889 3604 volatilis
905 3547 946 3603 in·
999 3560 1117 3617 amatur,
1129 3548 1279 3613 amittitur,
1292 3546 1422 3617 quidquid
1436 3544 1649 3615 prehendatur,
1664 3544 1788 3597 babetur.

157 3636 235 3711 qiam
259 3637 369 3704 ambra,
389 3646 418 3693 et
435 3638 603 3694 solummodo
620 3646 711 3694 manet
737 3638 764 3693 in
791 3654 948 3695 remunera·
998 3640 1152 3713 duilargus
1173 3639 1236 3703 eris,
1250 3638 1273 3693 si
1293 3645 1344 3691 ture
1359 3636 1455 3689 animae
1476 3633 1573 3689 mnan?
1586 3632 1634 3687 llel
1656 3632 1716 3702 quis
1739 3631 1789 3687 tibi

157 3728 230 3785 tiene
242 3728 324 3793 bona,
348 3729 419 3799 quod
439 3744 490 3798 pro
514 3729 561 3786 liei
588 3745 680 3786 amore
704 3730 807 3802 egistis.
832 3729 949 3786 Grandis
998 3732 1085 3788 tidelis
1098 3732 1160 3793 erit,
1178 3730 1200 3783 si
1211 3736 1240 3781 tu
1254 3727 1303 3781 tibi
1317 3727 1373 3795 ipse
1385 3724 1501 3780 iulidelis
1513 3725 1585 3780 eris?
1596 3723 1650 3780 Cur
1664 3724 1691 3778 in
1705 3723 1791 3778 aliurn

156 3818 228 3875 enim
245 3818 338 3874 riade
354 3820 434 3876 terris
454 3818 531 3892 [llr.,
553 3820 636 3894 terra]
661 3822 767 3877 videtur
786 3822 821 3878 ad
839 3822 946 3878 coelum.
999 3837 1075 3892 spem
1089 3821 1176 3892 penis,
1190 3825 1218 3872 et
1232 3824 1260 3872 tu
1275 3816 1324 3871 tibi
1338 3815 1396 3885 ipse
1414 3814 1575 3871 benefacere
1589 3830 1642 3871 non
1655 3816 1713 3870 visi
1731 3815 1788 3870 llo-

154 3907 324 3965 Firmissima
335 3910 415 3967 debet
426 3925 486 3967 esse
501 3911 583 3977 scala,
605 3927 655 3982 per
673 3928 753 3983 quam
768 3912 946 3968 ascenditur:
998 3911 1088 3976 rieris,
1107 3909 1237 3965 obumo!
1254 3915 1283 3962 et
1300 3907 1391 3961 omnia
1410 3906 1602 3975 dimittasque
1616 3907 1710 3960 babes.
1737 3905 1788 3960 llic

157 3997 245 4056 iaeiiis
261 4009 304 4056 est
319 4016 399 4058 casus
412 4003 447 4056 ad
462 4001 579 4059 inferna.
596 4002 649 4059 Sed
670 4005 729 4062 iae
751 4004 868 4062 facilitas
888 4020 948 4061 ma·
998 4003 1041 4058 ris
1052 4002 1127 4058 dives
1140 4013 1200 4055 esse
1212 3998 1380 4069 peregrinus,
1391 4005 1418 4052 et
1430 3996 1507 4067 parri
1530 3997 1658 4066 temporis
1671 3997 1789 4067 hospes.

157 4106 237 4162 quarn
266 4093 349 4150 babet
372 4092 567 4162 difficultatem,
593 4098 788 4168 sempiternum
814 4098 947 4168 siqnidem
998 4102 1092 4151 elnon
1108 4090 1199 4147 nisibi
1217 4105 1278 4147 esse
1292 4089 1367 4144 dives
1384 4087 1430 4142 ubi
1445 4101 1551 4157 semper
1567 4085 1637 4139 erist
1651 4084 1792 4140 Premitte

157 4182 256 4255 ignem
276 4185 323 4255 qui
349 4185 406 4241 orit
430 4186 686 4258 inexstinguibiliter
708 4188 837 4244 cadentes
862 4189 889 4244 in
919 4189 949 4245 il
998 4185 1047 4240 tibi
1060 4184 1168 4240 divitias
1180 4189 1249 4247 tuas,
1263 4188 1293 4236 nt
1313 4180 1415 4234 babeas
1435 4177 1462 4232 in
1481 4185 1612 4232 aeternum
1628 4174 1699 4243 quod
1714 4190 1793 4229 antes

156 4272 221 4329 inm.
238 4274 388 4334 Difficultas
400 4291 465 4333 vern
479 4278 647 4335 ascensionis
665 4278 692 4334 in
710 4278 808 4334 0011001
822 4293 948 4350 magnum
998 4279 1026 4334 iu
1045 4276 1152 4333 seculo.
1168 4274 1301 4331 Construe
1318 4271 1365 4326 tibi
1386 4270 1466 4326 bonis
1479 4268 1606 4339 operibus
1620 4268 1727 4322 beatam
1742 4265 1791 4320 do-

156 4364 240 4421 babet
265 4367 403 4437 gaudium,
431 4368 496 4423 dnm
521 4369 678 4439 pervenitur
702 4383 756 4439 que
779 4369 946 4436 ascenditur,
962 4407 985 4469 D
998 4388 1082 4427 mum.
1098 4370 1185 4437 Quam
1197 4369 1282 4424 miser
1300 4367 1354 4422 erit
1370 4366 1414 4435 qui
1431 4379 1537 4433 semper
1558 4377 1671 4417 arsurus
1692 4360 1745 4416 erit
1759 4360 1789 4415 in

153 4452 350 4513 beatitudinem
371 4457 505 4528 siquidem
523 4460 726 4529 sempiternam.
998 4461 1070 4533 igne,
1084 4460 1130 4531 qui
1141 4458 1259 4514 tenebris
1269 4455 1453 4511 circumdatus
1475 4451 1628 4518 horrendis,
1650 4452 1697 4522 qni
1721 4452 1790 4507 nibil

189 4542 220 4601 Si
232 4544 304 4603 lerte
316 4547 438 4617 quaeritis
458 4550 592 4620 quomodo
606 4550 668 4619 quis
687 4551 816 4606 ascendat
836 4550 864 4605 in
888 4566 944 4606 eoe-

153 4635 219 4704 inm,
234 4636 277 4692 rel
293 4639 943 4709 quisquemodoeadatininiernumil'ermala
997 4643 1140 4698 horrorem
1157 4638 1264 4710 (110111.
1289 4653 1353 4702 stri,
1388 4629 1449 4709 li)!
1479 4635 1525 4706 qui
1548 4633 1614 4690 nibil
1634 4635 1717 4691 sentit
1736 4635 1813 4701 nisi,

997 4553 1090 4609 audiet
1105 4551 1156 4606 uisi
1178 4563 1259 4604 voces
1277 4546 1399 4602 flentium
1425 4556 1452 4600 et
1469 4544 1642 4600 stridentium
1664 4543 1812 4600 dentibus
1903 4610 1910 4617 ¹

153 4727 239 4800 igitur
254 4743 337 4799 opera
356 4731 411 4786 ruit
433 4731 514 4787 borno
538 4732 572 4787 ad
591 4729 696 4788 inferna
720 4731 797 4805 [llr.,
821 4732 941 4806 indma];

153 4833 204 4890 per
220 4819 292 4875 bona
313 4834 380 4876 rere
404 4818 508 4892 (opera)
529 4822 650 4878 aseendit
673 4822 706 4877 ad
726 4838 852 4893 superna.
874 4822 943 4877 Mala

153 4910 246 4982 itaque
263 4919 327 4966 sunt
347 4924 447 4980 opera:
470 4912 612 4969 delectatio
626 4913 753 4978 ceradis,
766 4915 877 4969 ambitio
892 4929 942 4969 se-

187 5028 202 5059 ·
221 5021 293 5076 Edit.
316 5021 504 5089 0110100119.
524 5024 615 5080 Canis.
637 5023 655 5078 2
680 5023 806 5088 (Froben.
820 5023 877 5097 to),
891 5026 942 5081 cel·

151 5090 209 5146 iata
222 5106 285 5146 eum
297 5093 376 5149 codd.
389 5109 454 5149 mss.
469 5092 567 5149 salisb.
582 5103 609 5149 et
622 5092 652 5150 S.
668 5093 841 5148 Eramerami.

189 5160 204 5202 b
221 5159 361 5217 AEdiiredo
376 5164 439 5235 reqi.
459 5162 659 5219 Nerthumbrite
676 5163 722 5233 qui
747 5162 845 5218 alieubi
860 5166 941 5220 etiam

150 5228 336 5296 AEtbelredus,
347 5242 375 5288 et
385 5233 412 5287 in
423 5234 544 5303 sequenti
554 5235 632 5305 epist.
642 5235 669 5288 in
679 5233 739 5288 end.
754 5231 851 5287 Salisb.
866 5232 941 5289 Edit-

151 5299 234 5355 10111
252 5301 412 5371 appellatur.
439 5303 555 5360 lsanno
581 5304 632 5358 'iil
655 5319 703 5358 rex
726 5301 825 5367 iaetus,
849 5318 864 5356 a
888 5305 944 5359 suis

202 5370 394 5428 emanantis
418 5387 500 5442 regno
523 5373 660 5441 dejectus;
687 5379 749 5444 pest
774 5386 859 5428 annes
879 5388 945 5429 vero

256 5441 305 5504 im.
318 5442 346 5498 id
360 5447 403 5498 est
415 5456 486 5497 01100
498 5442 550 5498 'tae
569 5444 656 5500 eidem
673 5443 944 5508 restitutas,den1um

149 5511 287 5567 occiditur
304 5512 450 5575 0000196,
468 5521 499 5567 ut
514 5523 640 5571 accurate
661 5522 754 5569 narrat
772 5513 941 5569 llovedenns.

149 5577 294 5711 :ldffiaqi
309 5581 344 5639 ad
355 5598 403 5640 eos
416 5596 509 5647 annes,
525 5592 552 5636 et
564 5583 699 5639 Cointium
715 5584 747 5638 ad
759 5599 859 5639 annum
881 5583 941 5648 796,

997 4732 1122 4790 flammas
1142 4732 1250 4797 edaces,
1268 4740 1296 4786 et
1322 4729 1424 4801 frigora
1450 4727 1581 4799 ingentia,
1604 4738 1632 4785 et
1655 4729 1802 4806 vermium

997 4834 1146 4881 venenatos
1171 4823 1284 4879 dentes!
1317 4821 1354 4877 Ut
1378 4822 1436 4876 baee
1463 4820 1614 4885 horribilia,
1639 4835 1657 4875 0
1681 4821 1804 4897 emicet}

994 4917 1108 4973 evadere
1120 4916 1220 4981 valeas,
1236 4913 1326 4969 nullus
1339 4911 1387 4966 tibi
1402 4910 1481 4965 labor
1501 4911 1584 4965 durus
1597 4909 1684 4964 rideri
1696 4909 1786 4973 debet,

1033 5024 1183 5081 ο01101110
1208 5022 1328 5095 patricio.
1354 5021 1431 5076 llunc
1453 5035 1513 5076 esse
1537 5017 1684 5076 Osbaldum
1712 5002 1812 5089 putat*

994 5095 1130 5158 Canisius,
1145 5094 1178 5149 de
1191 5110 1245 5163 qno
1259 5092 1420 5147 lleaedenus
1440 5091 1475 5144 ad
1497 5105 1597 5144 annana
1620 5086 1672 5143 tae
1693 5088 1789 5150 refert,

994 5165 1065 5235 qnod
1076 5164 1166 5220 occiso
1180 5178 1244 5233 rege
1255 5161 1394 5218 AEdilredo
1407 5176 1422 5213 a
1433 5160 1592 5229 quibusdam
1605 5157 1691 5227 ipsius
1702 5159 1790 5227 gentis

994 5233 1162 5305 principibus
1174 5234 1202 5287 in
1215 5248 1245 5287 re
1264 5248 1327 5287 111110
1338 5232 1373 5286 sit
1382 5229 1556 5289 constitutus,
1571 5235 1670 5298 etpost
1681 5228 1739 5284 dies
1753 5229 1787 5283 11

995 5302 1069 5359 omni
1085 5304 1167 5373 regie
1184 5248 1330 5357 10001110
1344 5299 1495 5369 principum
1506 5299 1634 5354 societate
1645 5299 1791 5354 destitutas

996 5374 1172 5483 singulosque,
1187 5379 1240 5426 elc.

1064 5443 1119 5513 20
1136 5440 1259 5496 Osbercto
1273 5439 1344 5493 draci.
1358 5437 1398 5493 llll
1422 5437 1547 5494 lormssis
1564 5452 1644 5507 quem
1661 5435 1787 5492 blaimes·

995 5514 1131 5569 baariensis
1145 5510 1289 5582 patricium
1308 5507 1469 5564 Merciornm
1493 5508 1625 5571 nominat,
1650 5507 1685 5563 ad
1707 5523 1789 5578 quem

996 5584 1127 5639 Aieniuus
1141 5581 1222 5635 aliam
1240 5579 1349 5649 scripsit
1370 5579 1525 5648 epistelam,
1548 5575 1625 5646 cujus
1643 5578 1696 5635 dno
1717 5579 1787 5657 trag-

995 5664 1088 5709 menta
1101 5668 1134 5707 er
1147 5651 1241 5704 endem
1259 5648 1489 5704 ilalmesbnriensi
1507 5649 1577 5704 inira
1590 5647 1722 5705 dabimus.
