4075 6192
151 339 202 395 lb'l
561 333 751 394 betsabee.
771 368 807 377 -
825 331 984 394 hobitum
1003 337 1161 393 bottonis
1179 335 1373 394 PATROLOG.
1736 343 1787 400 tau

148 467 209 507 ciiiu
221 445 446 505 adnotationibus.
474 449 609 505 [neodem
620 448 713 505 Catulo
731 465 759 514 o,
771 463 832 532 pag.
848 451 899 505 237
913 452 1055 515 abbbate
1077 451 1251 506 Eusdorleiisi
1272 453 1299 506 in
1322 452 1454 521 superiori
1483 450 1658 517 Palatinam,
1680 458 1788 514 moniti.

148 520 401 584 &immensarum
414 517 528 573 dannaia
546 518 655 573 Mundi
668 529 692 573 ct
706 464 813 573 fficiam
831 518 941 574 domnii
994 521 1137 577 eonsilium
1145 522 1324 585 mutavimus;
1338 521 1439 575 nullam
1450 522 1536 586 euiiu,
1549 524 1639 578 aiebat
1652 526 1711 590 ille,
1727 528 1791 584 talis

149 596 310 647 cottectnueo
334 604 367 641 ea
387 588 502 658 epistolis
517 588 605 642 titini·
618 604 663 642 seit
684 586 798 643 Alcuiui.
817 587 846 642 lii
859 590 943 643 veteri
993 593 1062 647 urdo
1083 591 1259 645 attentionem
1282 599 1402 644 meretur
1422 593 1494 660 apud
1521 592 1657 662 eruditos;
1703 604 1792 655 ratior

149 673 258 733 quoque
273 655 404 728 catalogo
426 658 519 740 inclyti
539 658 694 712 monasterii
720 656 748 713 S.
769 656 842 712 Petri
860 657 944 713 Salis·
995 661 1100 714 iuturus
1123 669 1165 715 est
1181 661 1247 716 ordo
1261 659 1484 730 chronologicus,
1511 662 1557 730 qui
1571 666 1658 734 magis
1672 610 1791 725 ifiustrat

150 729 229 798 burgi
242 735 372 782 notantur
381 726 489 782 Aleuini
502 734 605 796 septem
619 727 739 796 epistolae
756 728 790 781 ad
806 727 943 783 Arunuem
993 741 1022 785 et
1032 728 1123 785 abicit.
1141 729 1198 785 lloc
1209 729 1291 799 igitur
1301 728 1442 784 consilium
1457 731 1544 785 secuti
1556 733 1684 802 epistolas
1695 734 1788 803 hasce,

150 799 226 854 illitis
237 797 309 853 sedis
320 798 491 868 episcopum,
507 812 568 868 quae
590 812 661 852 nuuc
675 797 868 866 inquirentium
879 812 944 853 ocu·
994 800 1028 855 ab
1044 799 1105 854 aliis
1118 799 1250 855 collectim
1258 801 1426 870 sparsimque
1433 800 1586 864 editas,seu
1597 817 1613 857 e
1625 804 1705 858 codd.
1722 822 1789 864 mss.

150 868 192 925 los
208 867 222 923 l
257 867 326 922 ‘unt
995 870 1144 938 descriptas
1158 868 1385 931 commiscuimus,
1399 877 1481 937 atque
1494 872 1641 925 secundum
1655 888 1789 932 annorum

186 938 214 1009 3
251 937 326 993 ibis
338 935 497 1001 codicibus,
517 935 620 1006 bugliae
632 935 792 1006 praeprimis,
814 937 886 991 beati
898 936 944 990 ht·
994 939 1113 1003 seriem,
1130 939 1175 993 ubi
1197 952 1229 993 ca
1251 939 1292 992 vel
1309 938 1391 993 certis
1412 939 1453 992 rel
1469 940 1669 996 verosimilibus
1682 943 1791 1002 iudiciis

149 1008 225 1064 ouini
236 1006 364 1077 epistolas
374 1006 521 1087 plurimum
534 1005 636 1075 augeri,
649 1006 788 1072 editasque
799 1005 943 1060 admodum
995 1009 1157 1077 deprehendi
1168 1008 1266 1077 potuit,
1278 1008 1478 1076 disposuimus3
1495 1008 1548 1063 illis
1560 1024 1635 1071 vern,
1651 1012 1678 1066 iii
1692 1014 1792 1083 quibus

151 1077 284 1133 ibustrari
306 1082 445 1147 potuisse,
466 1074 580 1145 sienpia
594 1073 700 1129 illorum
712 1075 778 1128 mibi
794 1075 863 1129 t'neta
875 1074 943 1130 luis·
996 1087 1101 1148 tempus
1124 1093 1178 1147 quo
1202 1078 1310 1158 scriptae
1331 1086 1413 1142 suut,
1437 1076 1513 1133 nullo
1534 1079 1633 1134 indicio
1657 1083 1789 1153 proditur,

151 1156 203 1212 aet,
217 1161 298 1201 nemo
308 1153 350 1201 est
363 1145 410 1214 qui
423 1160 477 1199 nou
490 1153 609 1198 censeat.
630 1143 683 1199 Sed
691 1142 747 1213 jain
763 1145 842 1199 tadei
856 1145 945 1199 erudi·
995 1149 1120 1202 ultimum
1132 1148 1330 1218 assignavimus
1345 1147 1443 1202 locum.

151 1228 246 1272 torum
261 1216 441 1284 quorumdam
461 1214 596 1277 subsidia,
610 1214 762 1283 jauivariis
778 1213 945 1269 modissolli·
1029 1216 1127 1283 Quanti
1159 1217 1238 1286 pretii
1262 1215 1394 1284 ejusmodi
1419 1217 1573 1271 litterarum
1605 1231 1790 1288 monumenta,

151 1287 253 1348 citata,
280 1285 382 1339 diutius
407 1292 434 1337 et
458 1282 485 1338 id
507 1297 614 1352 quoque
629 1282 781 1337 lriistrauee
800 1281 944 1348 fortassis,
994 1289 1144 1356 praesertim
1168 1288 1191 1341 si
1206 1302 1222 1339 a
1236 1286 1294 1340 viro
1307 1286 1400 1356 gravi,
1420 1287 1634 1356 circumspecto,
1647 1303 1791 1361 rerumque

151 1364 320 1426 exspectare.
348 1353 448 1408 banus
468 1368 533 1422 eigo
554 1353 607 1408 hoc
630 1353 688 1408 loeo
712 1351 839 1421 epistolas
852 1367 945 1408 omues
996 1358 1037 1412 sui
1050 1357 1179 1426 temporis
1193 1356 1311 1410 maxime
1322 1356 1408 1425 perito
1423 1356 1526 1426 scripta
1539 1357 1655 1422 luerint,
1668 1359 1790 1417 habenda

151 1423 402 1497 quaruiunobisco
421 1423 446 1477 ia
472 1422 542 1484 luit,
566 1422 684 1493 reliquas
698 1422 806 1491 publico
825 1423 945 1477 litterato
996 1427 1060 1489 siut,
1076 1426 1333 1481 uemoeruditorum
1352 1426 1467 1495 ignorat.
1496 1425 1598 1480 llorum
1654 1444 1699 1483 rm
1714 1445 1790 1486 coui-

151 1511 208 1551 non
229 1493 368 1550 invideant
410 1492 511 1556 iatius,
536 1493 587 1547 suh
607 1507 722 1564 quarum
741 1491 861 1546 custodia
879 1492 946 1547 deli·
995 1498 1076 1551 inodo
1095 1496 1237 1560 servituri,
1263 1503 1351 1559 notas,
1365 1496 1591 1564 quibusebseura
1607 1498 1787 1565 ilustrcutur,

153 1573 273 1619 tenenat.
996 1567 1105 1632 ubique,
1122 1565 1254 1634 siquidem
1269 1566 1472 1625 succurrebant,
1486 1565 1654 1633 addidimus;
1671 1568 1719 1622 reli
1740 1584 1788 1624 iias

186 1633 323 1694 Priores,
350 1646 418 1713 ques
445 1632 672 1695 memoravimus,
701 1628 820 1695 editores
843 1631 945 1686 nullum
995 1635 1223 1695 vernaliunde,a
1244 1633 1362 1699 canisio,
1386 1633 1553 1698 blabillouio,
1569 1584 1789 1707 basnagioaffiis-

151 1702 330 1774 epistolarum
340 1703 463 1756 ordinem
481 1710 637 1766 servarunt,
661 1709 760 1769 praeter
777 1700 852 1755 illuni
865 1715 945 1770 quein
996 1718 1050 1772 que
1072 1704 1270 1765 mutuavimus,
1296 1702 1455 1772 illorumque
1468 1703 1648 1770 conjecturas,
1665 1721 1789 1763 nonuun-

151 1774 225 1832 iorte
237 1773 398 1829 invenerunt
422 1771 449 1826 in
466 1770 545 1826 codd.
567 1786 634 1827 mss.
656 1777 703 1825 aut
721 1785 775 1840 quo
799 1771 833 1825 ad
852 1784 945 1825 eoram
965 1788 1080 1851 Bqnam
1101 1787 1195 1826 avere
1207 1772 1383 1833 abludentes,
1409 1787 1424 1826 e
1440 1772 1614 1836 melioribus,
1631 1775 1729 1843 quibus
1749 1777 1789 1835 illl

151 1858 253 1899 manus
262 1849 454 1912 pervenerunt.
471 1841 555 1897 Nobis
565 1843 670 1897 animus
681 1850 749 1907 erat,
763 1840 834 1910 quod
855 1839 881 1893 in
897 1852 947 1892 uo·
999 1843 1136 1905 carebant,
1147 1840 1270 1911 epistolis
1284 1842 1467 1905 correximus,
1482 1851 1608 1904 servata,
1624 1857 1684 1912 quae
1698 1852 1789 1901 tantos

151 1922 212 1968 stro
239 1919 385 1981 conspectu
411 1926 487 1966 novae
505 1911 584 1977 buius
607 1910 733 1967 editionis
759 1919 822 1966 aute
846 1908 948 1978 aliquot
998 1913 1072 1969 uiros
1088 1911 1174 1973 decet,
1190 1910 1340 1965 reverentia
1351 1919 1379 1965 et
1397 1911 1539 1966 modestia.

152 1996 242 2037 annos
255 1982 388 2050 impresso
401 1981 633 2052 significavimus,
652 1980 712 2035 illas
729 1978 807 2047 juxta
820 1994 948 2049 persona·
1036 1982 1135 2038 llltinie
1153 1980 1301 2035 iuoneudus
1322 1978 1404 2034 lector
1417 1980 1553 2043 eruditus,
1574 1980 1619 2037 illa
1638 1996 1699 2052 quae
1711 1983 1790 2039 nucia

152 2048 784 2122 rammaquassenpiaetueran1,otgntiaiem
797 2049 946 2113 mancare
1000 2053 1128 2108 mactae
1151 2052 1292 2114 patientur,
1315 2065 1387 2103 nane
1407 2049 1494 2119 primo
1509 2049 1588 2106 euius
1602 2051 1789 2110 eneratitae

152 2120 201 2180 sed
216 2121 303 2176 avire
315 2120 551 2185 reverendissimo,
566 2120 646 2175 laude
657 2119 818 2175 eruditionis
830 2118 949 2174 celeber·
999 2137 1034 2176 eu
1049 2120 1127 2177 codd.
1145 2135 1210 2177 iuss.

152 2192 225 2247 rimo
236 2198 265 2245 et
278 2191 367 2246 amico
380 2189 555 2261 integerrimo
573 2190 605 2244 tt.
628 2188 756 2245 hiiselmo
782 2188 882 2257 Desiug
902 2187 947 2243 ab·

531 2437 779 2516 MONlTUM
811 2435 1055 2514 EDlTORlS
1088 2436 1426 2514 PATROLOGIAE

446 2592 485 2652 iu
507 2592 651 2655 novant
672 2591 951 2654 unisrouanuu
973 2590 1007 2649 n.
1032 2589 1194 2652 ιιοιιιιιι
1212 2586 1502 2652 nucuvsioimu.

896 2712 1062 2735 Μ

197 2793 317 2855 Nuvam
332 2788 367 2850 in
381 2786 440 2849 hnc
453 2785 537 2849 beati
548 2785 677 2848 hleuiui
696 2784 837 2849 editione
857 2780 1066 2867 epistolarum
1083 2775 1185 2838 sancti
1199 2773 1300 2838 Patris
1316 2774 1537 2866 recensionem
1556 2775 1691 2868 tacturi,
1710 2797 1793 2865 pau-

158 2872 207 2935 cis
219 2871 370 2933 lectorem
388 2863 548 2928 monitum
563 2863 740 2927 voluimus.
761 2859 941 2924 Frobeuius
953 2903 961 2931 ,
975 2873 1093 2944 cuius,
1111 2861 1147 2917 ut
1161 2862 1470 2943 prestantissimam,
1487 2853 1662 2919 editionem
1679 2861 1790 2939 sequi·

158 2967 241 3019 mur,
257 2952 386 3011 centum
404 2942 570 3021 sexaginta
584 2941 666 3006 duas
679 2947 804 3004 tautum
819 2935 991 3024 collegerat
1004 2932 1167 3013 epistolas,
1183 2947 1323 3019 quarum·
1336 2947 1507 2994 maximum
1528 2942 1650 3013 partem
1665 2935 1791 3000 submi·-

159 3034 245 3091 seiat
258 3023 362 3106 prelo,
378 3036 453 3084 cum
468 3037 509 3083 eu
526 3021 705 3100 insperato,
721 3019 777 3082 sed
793 3016 911 3089 serius,
930 3012 1008 3075 alins
1025 3026 1162 3074 nurnero
1178 3027 1213 3071 se
1237 3014 1382 3086 tungmta
1396 3024 1492 3071 uuam
1508 3012 1643 3090 excepit,
1700 3032 1735 3077 as
1753 3031 1792 3077 ex

158 3103 304 3184 Anglicis
316 3099 482 3167 codicibus
493 3105 658 3179 excerptas
674 3095 852 3160 transmisit
866 3095 904 3156 lt.
921 3093 961 3155 de
981 3089 1175 3169 brequigny.
1219 3104 1254 3150 as
1269 3087 1417 3159 seorsim,
1433 3088 1493 3178 sub
1504 3087 1618 3152 titulo:
1672 3092 1794 3153 natissa

158 3182 202 3244 ad
218 3183 395 3261 superiores
411 3176 571 3256 epistolas,
597 3176 709 3238 edidit.
735 3177 812 3247 Nos,
828 3182 863 3235 ut
890 3169 1066 3235 editionem
1085 3184 1199 3256 novam
1216 3164 1413 3236 condentes,
1439 3165 1593 3306 epistolas
1618 3169 1753 3231 seorsim
1775 3186 1794 3231 a

159 3259 321 3324 Frobenin
337 3273 466 3320 recusas
486 3255 648 3334 prioribus
663 3253 850 3325 inserimus,
866 3248 1046 3330 uuicuique
1072 3243 1272 3308 restituendo
1293 3260 1389 3333 suum
1414 3259 1452 3333 nr
1474 3245 1561 3305 inem
1584 3245 1798 3326 chronologi-

159 3357 250 3412 cum,
270 3336 320 3398 vel
339 3332 464 3416 qualem
478 3333 662 3413 requirebat
676 3332 816 3395 materiae
839 3329 988 3407 cognatio
1018 3325 1066 3386 vel
1099 3337 1308 3412 personarum
1335 3320 1499 3411 identitas.
1514 3323 1605 3386 Nunc
1632 3324 1794 3389 monitum

158 3414 377 3494 subjiciemus
391 3411 475 3492 quod
492 3411 672 3475 Frobenius
687 3409 833 3490 epistolis
850 3407 912 3471 sibi
928 3406 1033 3469 serius
1049 3409 1246 3465 transmissis
1264 3399 1408 3480 praebuit.

201 3559 352 3632 «Epistola
370 3572 437 3629 quas
460 3557 506 3614 hic
526 3555 606 3629 plane
627 3556 742 3611 ineditas
766 3561 794 3610 et
814 3554 988 3622 hucusquec
1004 3546 1058 3604 seo
1074 3554 1187 3628 cenatus
1197 3544 1250 3599 mei
1264 3542 1339 3598 tuere
1351 3542 1504 3624 frustraret,
1517 3545 1553 3626 ob
1563 3545 1740 3620 pretiumpm
1752 3550 1796 3609 1112

159 3647 230 3708 pene
240 3629 392 3700 incognitas
407 3627 533 3691 exhibeo,
549 3626 636 3681 serius
650 3625 683 3680 ad
697 3638 793 3680 manus
806 3638 881 3679 meas
894 3637 954 3690 pcr-
1003 3617 1139 3673 inereihus
1151 3622 1282 3695 statutum
1294 3627 1406 3682 prorsus
1416 3614 1600 3695 immodicum.

163 3709 314 3764 iiuieruut,
341 3713 421 3768 quani
440 3705 471 3751 ut
489 3695 548 3750 illas
572 3711 620 3751 suo
633 3694 728 3750 ordine
743 3691 955 3764 precedentibus
1043 3703 1053 3767 i
1069 3686 1110 3767 lle
1122 3680 1335 3763 igitur-ielieem,
1347 3681 1564 3763 quodbpretioste
1577 3685 1637 3766 istan
1649 3691 1796 3748 vetustam

162 3776 284 3830 inserere
298 3771 443 3840 potuerim.
463 3765 524 3821 lstae
539 3780 654 3836 namque
672 3762 783 3833 jamjam
805 3762 876 3816 ultra
896 3776 954 3815 uie·
1005 3754 1127 3824 reliquiae
1144 3752 1236 3806 tandiu
1247 3751 1413 3833 absconditas
1427 3768 1455 3807 ιιι
1468 3768 1564 3809 iuauut
1576 3755 1721 3815 inciderint
1733 3776 1796 3817 ma·

161 3844 293 3898 diemiem
316 3838 387 3910 typis
403 3843 589 3899 emerserant,
614 3850 675 3889 cum
704 3833 746 3888 vir
772 3831 953 3889 (lectissimus,
1005 3826 1046 3895 gis
1055 3822 1189 3901 liberales,
1200 3829 1227 3875 et
1237 3819 1271 3874 ad
1279 3818 1464 3890 elargiendam
1474 3824 1668 3894 promptiores;
1683 3828 1792 3887 aarum.

163 3912 312 3968 modernus
326 3906 511 3963 celeberrimae
534 3904 705 3961 bibliothecae
723 3903 809 3959 sancti
827 3899 954 3958 Germani
1006 3908 1059 3975 que
1076 3891 1208 3971 beneficio
1224 3888 1494 3971 eobadbuettempore
1517 3892 1550 3946 ad
1566 3907 1610 3948 me
1623 3894 1718 3952 detaiae
1735 3897 1794 3955 1υο-

164 3978 283 4037 aPratis
294 3984 387 4034 custos
399 3977 431 4031 l).
456 3974 549 4031 Lieblo
563 3973 682 4030 inustum
699 3974 765 4029 milii
777 3970 900 4026 nuntium
916 3976 956 4022 at·
1006 3972 1071 4044 rint,
1093 3975 1147 4042 que
1158 3958 1283 4042 epistolis
1295 3972 1352 4025 tam
1367 3973 1506 4028 impressis
1522 3973 1571 4029 per
1591 3963 1700 4018 moduni
1718 3981 1794 4023 nrau-

165 4051 238 4116 tnlit,
252 4047 383 4120 epistolas
395 4045 504 4101 alcuini
513 4044 623 4101 omniuo
633 4058 696 4100 axii
711 4043 836 4105 ineditas,
849 4055 882 4095 en
894 4038 954 4094 cod.
1007 4035 1324 4109 ussaeiuugipotuerint.
1584 4098 1590 4111 .
1623 4097 1629 4112 .

165 4136 216 4177 ms.
229 4134 293 4177 saec.
304 4134 333 4174 iii
345 4115 516 4173 bibliothece
533 4112 683 4169 llarleiauae
694 4112 722 4166 iu
737 4110 834 4182 Augila
853 4108 956 4164 deseri·
1045 4121 1054 4152 i
1071 4099 1155 4156 Porro
1166 4115 1219 4181 qua
1244 4110 1349 4152 ratione
1370 4095 1500 4179 praetatus
1520 4097 1693 4156 doctissimus
1715 4100 1747 4158 b.
1760 4102 1794 4162 de

164 4198 226 4271 pias
239 4188 351 4244 luisses
366 4185 425 4241 viro
444 4183 601 4240 doctissimo
613 4183 645 4238 ll.
660 4182 693 4238 de
710 4181 861 4250 Biequiguy
878 4176 958 4247 regiae
1007 4171 1105 4252 lirequi
1126 4186 1158 4242 ny
1174 4168 1395 4251 epistolasbasoe
1417 4165 1636 4252 luerit‘adeptus,
1651 4179 1795 4241 quantum·

165 4259 372 4330 inscriptionum
384 4263 412 4310 ct
429 4253 617 4310 humaniorum
637 4252 790 4307 litterarum
804 4246 958 4303 Academia
1007 4256 1060 4312 que
1074 4187 1212 4322 industrie
1234 4254 1261 4293 iii
1275 4236 1524 4321 illisdcflscribeiidts
1546 4239 1709 4321 adbibuerit,
1724 4241 1795 4312 ipsa·

165 4330 260 4394 socio,
283 4327 330 4398 qui
344 4340 416 4382 anno
436 4322 505 4378 1161
527 4322 590 4378 illuc
608 4337 659 4392 pio
678 4318 830 4402 hujusmodi
844 4316 958 4372 cimeliis
1007 4320 1063 4367 mot
1077 4311 1176 4391 litteris
1192 4307 1287 4389 adme
1308 4321 1398 4389 missis
1412 4308 1557 4387 siguificat,
1571 4323 1639 4375 quas
1654 4308 1699 4365 bic
1711 4309 1796 4380 majo·

165 4398 307 4456 litterariis
317 4394 476 4467 colligendis
483 4392 563 4462 jussu
573 4393 643 4463 regis
654 4387 879 4447 christianissimi
893 4386 959 4441 iuis·
1008 4381 1047 4463 ris
1074 4379 1147 4449 lidei
1170 4386 1256 4448 gratia
1282 4376 1410 4431 exhibere
1435 4376 1547 4431 eruditis
1568 4377 1639 4432 baud
1660 4378 1795 4449 ingratum

163 4466 497 4534 aerumnarumque
520 4455 959 4533 buiiepractaramprompitsst-
1008 4461 1070 4505 crit.
1325 4514 1332 4527 .
1364 4514 1371 4526 .
1470 4514 1476 4526 ²
1508 4515 1514 4527 Ι

164 4554 242 4595 mum
255 4552 286 4593 se
302 4535 440 4600 exhihere,
453 4534 486 4587 ad
498 4531 558 4587 ibas
568 4547 617 4602 pro
629 4545 698 4586 noia
712 4528 831 4586 editione
842 4524 958 4595 Operum
1046 4536 1066 4600 t·
1089 4516 1162 4597 luter
1194 4521 1416 4596 prestantissima
1438 4513 1619 4597 'bibliothece
1645 4514 1797 4599 llarleiaim

163 4604 360 4666 beatiblcuiui
384 4600 629 4659 communicandas.
659 4596 876 4668 Quantuminibi
909 4610 959 4648 aii·
1012 4586 1161 4651 «cimelia,
1176 4599 1236 4653 qum
1253 4599 1281 4638 in
1296 4598 1391 4639 museo
1401 4583 1556 4666 Britannico
1569 4583 1682 4642 londini
1705 4602 1795 4644 asser.

163 4678 242 4735 diniit
268 4691 302 4731 ei
325 4675 378 4730 hoc
407 4671 501 4727 annuo
520 4668 661 4733 acciderit,
686 4668 725 4723 illi
747 4667 838 4722 norint
859 4679 906 4735 qui
931 4664 959 4719 iu
1013 4678 1022 4708 v
1046 4663 1153 4718 inutur,
1166 4653 1362 4736 eistateoilex
1386 4668 1437 4708 ms.
1452 4661 1576 4724 signatus
1590 4668 1618 4707 ιι.
1632 4653 1693 4719 2⁰8,
1712 4672 1797 4713 mem.

162 4744 295 4803 eruendis
309 4761 325 4801 e
340 4742 478 4798 recondita
499 4746 633 4796 vetustate
654 4737 806 4806 hujusmodi
827 4733 961 4789 thesauris
1013 4749 1022 4779 ι
1045 4729 1203 4804 branaceits,
1232 4738 1331 4778 mtnott
1355 4721 1470 4804 solute„
1485 4738 1564 4806 quain
1589 4733 1686 4778 vocant
1714 4726 1796 4791 tn-t·,

162 4826 230 4873 sunt
244 4813 382 4886 occupati.
402 4810 535 4865 Noveram
547 4809 655 4880 qiiideiii
676 4809 721 4861 diu
736 4816 814 4861 autea
829 4819 863 4860 ci·
877 4804 959 4859 Cata·
1013 4817 1022 4847 ι
1045 4811 1109 4853 ciiii
1133 4792 1204 4849 loliis
1218 4802 1363 4874 constans,
1393 4794 1557 4847 nitidissimo
1576 4791 1744 4873 'charactere
1769 4795 1797 4850 iu

161 4888 227 4957 lego
237 4900 305 4939 mss.
318 4881 421 4953 biigliec
429 4888 456 4934 et
466 4877 601 4935 Hiberniae
610 4876 786 4933 editoOunuii
800 4872 957 4936 auuolbbi,
974 4885 1025 4952 D‘
1046 4865 1152 4929 Gallia,
1179 4873 1212 4946 iit
1230 4863 1351 4944 videtur&
1370 4868 1507 4917 exaratus.
1534 4861 1674 4944 Epistulas·
1691 4860 1796 4918 alcuini

159 4955 240 5029 qnod
262 4955 335 5010 iuter
355 4951 463 5007 codices
475 4964 540 5004 mss.
561 4947 593 5001 l).
610 4947 743 5017 Syraciids
757 4945 860 4999 d'b'wes
881 4944 960 4997 haio-
1016 4956 1024 4986 i
1047 4934 1233 5000 complectitur
1247 4930 1390 5012 codexlille
1404 4945 1458 4995 xci,
1473 4946 1589 5012 quarum
1604 4945 1798 5012 maximopere

158 5026 236 5082 metii
257 5024 308 5079 sub
328 5038 356 5077 ii.
371 5019 458 5075 tubat
471 5026 612 5073 serventur
630 5015 749 5077 alcuini,
764 5013 852 5068 Caroli
868 5010 959 5081 Magni
1015 5025 1024 5055 ι
1047 5005 1157 5059 inedita.
1182 5002 1237 5083 llas
1250 5003 1404 5056 exscribere
1415 5014 1505 5080 operm
1519 5008 1633 5080 pretium
1646 4999 1720 5064 duit,
1736 5016 1797 5056 cum

233 5096 240 5107 ’
267 5092 301 5158 ri,
348 5088 429 5144 ‘atolcc
445 5104 486 5143 uei
505 5104 564 5142 cum
582 5084 810 5148 aduotaioiiibus,
832 5082 892 5136 iterii
907 5081 961 5146 epi-
1015 5094 1024 5124 ‹
1048 5074 1081 5129 de
1105 5073 1157 5127 boe
1179 5070 1374 5153 codieealtum
1399 5069 1535 5124 silentium
1560 5068 1679 5138 sitapud
1692 5084 1796 5134 omum,

155 5175 208 5221 ato
252 5179 305 5217 utin
313 5107 406 5216 eufimii
419 5157 521 5229 liugai,
536 5166 561 5211 et
573 5155 634 5211 aliie
645 5164 741 5225 reptem
753 5150 868 5221 Duuqoli
879 5150 960 5203 abba-
1015 5138 1236 5222 «quassabitur,
1259 5139 1554 5221 bibliiigraphosanec
1571 5146 1744 5219 ,memoretur
1764 5140 1799 5195 ab

155 5238 212 5290 tia.
238 5231 325 5300 Quem
348 5228 468 5286 codicem
489 5226 612 5283 eumdem
632 5223 758 5280 existimo
780 5236 811 5276 ae
826 5218 898 5274 illurn
920 5218 961 5271 lii·
1015 5234 1024 5261 ι
1048 5210 1141 5279 buglis
1160 5224 1235 5278 ipsis,
1250 5224 1297 5263 seu
1313 5208 1512 5289 iutssiograpbia
1535 5208 1687 5287 Britannica
1705 5223 1799 5264 receu-

154 5303 312 5363 htioiueca
326 5298 491 5362 llarleiaum,
507 5303 587 5367 proiit
599 5308 632 5348 en
656 5293 784 5348 relatione
795 5289 830 5346 el.
849 5289 880 5341 tt.
897 5286 960 5340 Bve-
1015 5302 1025 5333 i
1049 5282 1102 5335 iius
1115 5279 1197 5342 edita,
1221 5293 1268 5332 seu
1285 5279 1313 5332 iii
1328 5275 1489 5357 bibliotheca
1502 5275 1641 5359 lauacri..
1653 5278 1800 5360 incedam-

152 5374 271 5449 quigny
296 5370 390 5426 atatim
420 5367 560 5422 reserenda
584 5363 672 5435 colligi
698 5363 786 5416 datur.
814 5358 959 5427 Propterea
1017 5372 1026 5401 i
1050 5365 1109 5431 rum
1124 5362 1235 5431 operum
1247 5355 1276 5402 ct
1288 5353 1532 5415 manuscriptorum
1546 5353 1746 5415 investigatoris
1759 5347 1800 5403 di·

153 5443 294 5503 eruditos
305 5438 409 5508 bugliae
420 5451 469 5506 per
481 5435 610 5499 amicum,
624 5435 667 5489 cui
681 5447 742 5487 cum
754 5428 819 5502 ipsis
830 5440 961 5483 eoinmer-
1017 5420 1233 5500 iligentissiiui3
1456 5482 1463 5496 ·
1775 5486 1782 5500 ⁸

153 5515 245 5572 dnm
267 5509 428 5566 litterarium
443 5516 511 5569 erat,
538 5504 668 5565 mareau
682 5516 790 5569 eosque,
807 5507 837 5553 ut
852 5511 902 5568 pro
915 5509 965 5550 ex·
1054 5507 1063 5540 i
1085 5487 1167 5570 adid
1181 5484 1310 5540 incitabat
1332 5497 1375 5537 me
1394 5482 1548 5566 plurimum,
1565 5483 1635 5552 quod
1652 5491 1715 5565 uota
1737 5484 1801 5542 huic

151 5580 304 5644 ornandis
317 5575 500 5650 augendisque
514 5572 646 5645 Operibus
658 5571 729 5627 beati
742 5569 848 5624 alcuini
869 5577 964 5623 eorum
1020 5578 1029 5608 ‹
1052 5559 1138 5639 codici
1150 5553 1260 5626 praebia
1274 5560 1390 5636 moneat,
1404 5553 1588 5634 doctissimum
1599 5550 1737 5634 Uenerium
1750 5555 1804 5634 baa

151 5648 346 5714 materniani
362 5644 489 5717 pietatm
514 5660 529 5699 e
550 5640 642 5698 istulas
660 5640 728 5695 meis
749 5637 900 5706 sumptibus
919 5635 965 5689 dc-
1022 5648 1031 5678 i
1054 5626 1184 5699 epistolas
1198 5640 1260 5680 cuni
1283 5624 1362 5679 editis
1385 5638 1401 5678 a
1421 5621 1538 5679 chesnio
1555 5619 1660 5677 Alcumi
1682 5621 1801 5700 epistolii

150 5720 271 5788 arilei,
284 5725 366 5787 atque
377 5716 412 5770 ad
426 5729 470 5771 ine
490 5658 589 5770 dessrit
610 5709 737 5774 iacerent,
762 5714 868 5778 rogatos
882 5701 964 5760 volui.
1024 5717 1033 5750 i
1056 5696 1201 5753 contulisse
1225 5708 1296 5750 auno
1315 5691 1394 5760 teta,
1419 5699 1447 5747 et
1465 5705 1547 5748 mauu
1568 5704 1617 5746 tua
1634 5690 1799 5749 distinxisse,

359 5807 483 5868 Parnon
518 5801 552 5864 C.
1424 5819 1427 5825 ·
1587 5777 1607 5839 ⁸
