4075 6192
221 278 273 337 925
649 273 679 329 B.
699 274 730 329 F.
749 273 861 330 attunt
882 275 947 332 SEU·
965 276 1103 332 aaudiat
1122 275 1264 335 ot‘Ettbtl
1280 272 1370 335 PARS
1388 277 1421 334 ll.
1800 282 1852 339 vit

254 390 339 447 Vens.
352 390 396 444 id.
414 417 451 431 ·-
473 386 507 441 Ει
532 386 596 449 scio,
607 385 669 457 quio
693 385 847 439 mundatum
872 385 929 455 ejus
954 385 1007 439 tito
1022 390 1044 447 lt
1058 386 1188 452 valerent,
1204 400 1237 441 ea
1251 401 1299 442 ore
1311 386 1401 442 carnis
1422 386 1505 441 verba
1519 394 1670 443 sonuerunt
1688 396 1716 444 ct
1728 391 1854 449 abierunt

219 495 319 541 eterna
340 490 388 536 est.
414 479 442 534 Si
461 494 526 550 crgo
541 478 595 532 vita
610 486 710 532 retorna
728 486 771 532 est
792 477 849 547 ipsc
872 476 967 541 Filius,
983 485 1011 533 et
1062 479 1289 536 transvolantibus
1312 480 1401 548 sonis;
1425 487 1599 553 strepuerunt
1621 480 1714 554 [Asp.,
1729 491 1853 542 transvo-

219 576 275 632 vita
287 582 389 631 eterna
402 582 444 629 est
458 571 614 627 mandatum
629 570 728 634 Patris,
744 570 807 640 quid
822 569 894 624 alind
908 569 1010 624 dictum
1061 569 1147 625 lanus
1159 569 1219 626 soni
1236 569 1419 643 strepuerunt]
1433 570 1552 641 peractis
1566 572 1679 629 morulis
1701 580 1851 646 temporum

217 674 260 723 cst
270 681 351 736 quana
371 678 421 736 ego
443 679 502 720 sum
516 663 673 718 mandatum
687 663 792 717 Patris?
812 661 928 716 Proinde
942 670 970 716 ct
983 660 1010 715 id
1060 674 1170 716 suorum
1183 678 1190 714 ε
1202 660 1250 715 sed
1261 676 1306 716 res
1322 661 1397 733 ipsae,
1409 676 1525 732 quarum
1543 661 1619 735 signa
1636 670 1700 719 sunt
1716 664 1785 732 soni,
1797 674 1853 722 tra·

217 759 290 831 qnod
309 755 431 830 adiungit
443 764 472 813 ct
485 756 550 812 dicit
562 771 569 810 :
583 753 649 822 Qcae
663 772 709 826 epo
724 753 831 827 loquor,
852 755 920 808 sieut
943 752 1010 807 dicit
1060 759 1111 828 cte
1124 751 1355 822 quodammodoin
1366 768 1460 809 eorum
1474 754 1633 811 memoriam
1643 756 1690 827 qui
1700 757 1852 827 audiemur,

217 850 283 906 milri
296 849 386 914 Pater,
401 852 439 906 ric
460 848 554 922 loquor
567 862 576 901 :
588 865 641 904 non
663 847 836 917 accipiamus,
852 846 920 901 dixit
934 846 1008 911 milri,
1059 841 1142 897 etiam
1156 842 1190 897 ad
1204 858 1253 898 nos
1266 858 1315 915 per
1333 842 1449 911 litteras,
1462 858 1524 914 quae
1545 843 1660 901 visibilia
1680 846 1758 919 signa
1776 859 1849 916 sunt,

216 942 294 1013 quasi
304 957 354 1014 per
363 942 445 996 verba
456 939 532 1013 [ils.
547 939 625 1009 quasi
635 939 729 994 verbe.
745 938 826 1010 Aen,
840 938 916 1008 qrrasi
930 937 1011 993 Pater
1058 940 1249 1005 pervcnemnt.
1270 932 1348 1006 591
1364 934 1423 990 lion
1436 936 1475 991 sic
1488 935 1608 1008 loquitur
1620 938 1722 995 veritas
1734 954 1742 994 :
1753 938 1851 998 intelli·

215 1032 311 1108 verba]
326 1034 433 1088 locutus
442 1032 477 1087 sit
491 1031 571 1085 unico
583 1028 677 1092 verbo,
694 1037 740 1084 aut
752 1029 848 1101 egebat
859 1029 907 1083 liei
920 1029 1010 1085 verbis
1059 1025 1184 1097 gentibus
1199 1024 1334 1082 mentibus
1348 1027 1422 1082 intus
1433 1027 1563 1098 loquitur,
1575 1029 1634 1084 sine
1647 1043 1715 1086 sono
1728 1031 1850 1096 instruit,

218 1126 267 1185 bei
279 1129 402 1183 verbum.
413 1126 487 1181 Dixit
498 1140 562 1196 ergo
574 1123 655 1179 Pater
664 1123 742 1188 Filio,
756 1123 827 1179 sicut
839 1122 913 1179 dedit
925 1122 1010 1177 vitam
1060 1116 1221 1189 intelligibili
1240 1134 1305 1174 voce
1328 1118 1474 1190 pertundit.
1501 1119 1551 1188 Qui
1572 1136 1637 1193 ergo
1661 1131 1751 1193 potest
1773 1125 1800 1179 in
1819 1139 1852 1180 ea

216 1217 371 1274 Filioznon
381 1216 453 1286 quod
463 1215 610 1279 nesciebat,
618 1213 661 1268 vel
671 1228 725 1268 non
737 1211 863 1277 babebat,
876 1213 923 1267 sed
938 1212 1010 1282 quod
1059 1208 1150 1263 videre
1170 1208 1321 1265 nativitatis
1341 1208 1400 1279 ejus
1417 1211 1611 1275 eternitatem,
1636 1212 1695 1283 ipse
1715 1213 1789 1270 illam
1810 1216 1851 1272 sic

216 1309 276 1380 ipse
294 1307 379 1363 Filius
395 1314 464 1360 erat.
481 1303 549 1372 Quid
564 1310 607 1361 est
627 1311 717 1359 autem
730 1317 738 1357 τ
750 1301 825 1358 Sient
844 1302 912 1357 dicit
932 1302 1008 1372 nihi,
1058 1299 1135 1354 audit
1148 1298 1317 1371 loquentem,
1330 1300 1402 1356 sicut
1412 1300 1437 1356 ei
1450 1300 1518 1356 dixit
1536 1299 1628 1367 Pater,
1643 1302 1715 1374 quod
1728 1303 1852 1376 loquere·

216 1402 255 1456 rie
277 1398 379 1473 loquor,
394 1399 445 1455 nisi
467 1398 581 1454 verbum
594 1396 706 1470 loquor?
725 1396 765 1452 lta
780 1397 824 1453 ille
838 1396 907 1452 dixit
920 1402 950 1451 ut
964 1411 1009 1452 ve
1060 1399 1113 1444 tur.
1131 1388 1266 1446 Excitavit
1279 1406 1329 1446 110⁸
1342 1391 1376 1447 tid
1390 1406 1517 1464 nicenum
1530 1391 1697 1449 desiderium
1710 1394 1851 1453 interioris

216 1506 275 1557 rar,
290 1491 329 1546 ita
342 1491 393 1547 iste
403 1489 523 1561 loquitur
534 1498 564 1544 ut
577 1490 688 1545 veritas.
712 1489 800 1546 verax
815 1496 905 1543 autern
916 1488 1009 1558 genuit
1059 1482 1207 1539 dulcedinis
1220 1498 1275 1539 suae
1286 1500 1293 1537 :
1305 1483 1352 1539 sed
1364 1484 1511 1541 crescendo
1524 1485 1676 1556 capiamus.
1686 1486 1851 1547 ambulando

215 1583 369 1639 veritatem.
383 1581 452 1650 Quid
461 1597 526 1653 ergo
537 1580 593 1651 lam
607 1581 710 1638 diceret
721 1580 848 1637 veritati?
862 1578 920 1637 Non
936 1582 1009 1636 enirn
1058 1589 1229 1643 crescamus,
1254 1573 1421 1645 proiciendo
1444 1575 1632 1642 ambulemus,
1654 1586 1685 1632 ut
1706 1579 1851 1648 pertenire

215 1673 374 1744 imperfecta
384 1682 443 1729 erat
456 1675 567 1739 veritas,
574 1675 617 1729 cui
629 1689 723 1729 verum
736 1673 837 1745 aliquid
850 1674 1008 1729 adderetur.
1058 1665 1192 1735 pnssirnus
1207 1680 1277 1735 sper
1290 1664 1407 1737 scipsvuu
1427 1665 1461 1721 ad
1481 1666 1609 1738 seipsum,
1626 1667 1715 1740 scipso
1734 1670 1850 1728 decemo

214 1761 290 1818 Dixit
300 1777 365 1836 ergo
376 1763 494 1829 veritati,
506 1763 569 1834 quia
580 1764 672 1835 genuit
683 1765 837 1820 veritatem.
850 1764 936 1819 Porro
949 1763 1006 1835 ipsa
1024 1737 1109 1812 Bnos
1119 1764 1143 1812 ct
1160 1755 1335 1828 promittente
1351 1755 1429 1812 uobis
1439 1754 1514 1828 :Epo
1526 1773 1586 1811 sum
1601 1758 1654 1821 tin,
1668 1767 1692 1813 et
1707 1760 1813 1825 erens,
1824 1772 1850 1815 et

214 1854 554 1925 smusmtoquvuuut
567 1855 592 1911 et
606 1856 707 1912 uictum
722 1857 841 1912 estmoe
856 1856 1007 1927 rnevrrgen-
1057 1848 1119 1903 nita·
1144 1848 1193 1905 iit
1220 1848 1417 1919 querentibus,
1437 1848 1538 1904 verres
1561 1847 1770 1915 invenientibus,
1792 1852 1850 1908 vita

215 1942 299 2011 tibus,
313 1960 382 2014 quos
392 1945 472 2001 docet
485 1951 515 2000 ut
530 1954 609 2001 nacta
624 1944 704 2018 [Aac.
719 1955 743 1999 et
754 1944 802 2011 at,
817 1944 892 2018 nata]
907 1954 958 2000 est.
974 1944 1008 2001 lit
1057 1940 1290 2013 permanentibus

215 2042 307 2091 autem
326 2035 471 2091 crederent
484 2036 617 2102 homines,
631 2036 703 2107 quod
716 2035 865 2108 intelligere
887 2034 1010 2090 nondum

218 2192 1100 2224 *affl

839 2331 987 2410 elenu
1014 2328 1223 2408 SEXTUS.

249 2596 421 2654 charissinae
434 2597 461 2653 in
473 2596 583 2653 Christo
593 2597 680 2653 sorori
690 2595 774 2655 Gistn
786 2598 852 2673 [¹¹¹2
864 2597 1002 2672 Gislanae1,
1056 2597 1175 2663 Paete.
1190 2597 1438 2670 trummacum
1448 2599 1518 2655 seuit
1529 2599 1595 2655 horo
1605 2602 1674 2672 eiua
1689 2615 1719 2659 ιιι
1728 2614 1848 2663 tram

214 2697 243 2745 et
257 2688 319 2744 illice
334 2688 390 2745 beo
406 2696 475 2745 votae
492 2686 640 2755 Colvvmbar,
655 2688 767 2745 humilis
779 2688 860 2745 levita
874 2690 1010 2747 Alcainus
1055 2702 1089 2742 ee
1102 2687 1152 2743 lroo
1173 2688 1271 2743 mundo
1285 2688 1321 2744 nd
1334 2685 1453 2745 Patrem.
1470 2708 1480 2742 ι
1499 2689 1513 2730 i
1528 2689 1643 2758 Pascha,
1659 2692 1769 2762 iratres,
1790 2714 1848 2756 non

217 2778 332 2834 salutent
346 2790 371 2832 ⁸.
1056 2777 1127 2835 deut
1147 2779 1256 2850 (ιιιιιιιιιι
1273 2778 1430 2837 existimant
1451 2778 1575 2838 Graecum
1598 2798 1699 2840 nomen
1713 2797 1775 2854 est,
1798 2790 1846 2845 scd

250 2870 292 2926 nd
304 2870 431 2927 solatium
454 2871 607 2927 sanctitatis
619 2879 717 2929 vestrae
740 2873 811 2928 hunc
829 2872 948 2929 labellum
963 2872 1005 2929 di·
1020 2904 1044 2969 ο
1058 2869 1214 2929 lienteum
1234 2870 1338 2926 Pascha
1359 2870 1488 2927 transitus
1507 2870 1605 2928 dieitur
1624 2875 1652 2929 in
1674 2890 1723 2933 sna
1743 2875 1847 2950 lingua,

215 2961 285 3030 rexi.
303 2961 437 3018 comatico
450 2973 576 3016 sermone
589 2959 736 3029 dictatum,
748 2971 780 3018 ut
800 2978 862 3019 eum
883 2963 1007 3019 babeatis
1057 2968 1199 3030 propterea
1209 2959 1271 3030 quia
1283 2967 1346 3015 tune
1356 2960 1473 3030 primum
1487 2959 1590 3017 Pascha
1601 2963 1747 3021 celebravit
1760 2981 1843 3038 popu-

215 3054 260 3111 his
279 3053 382 3118 diebus,
398 3051 433 3106 ad
451 3053 630 3107 exercendam
649 3053 678 3108 in
696 3069 729 3111 eo
743 3062 863 3110 vestram
883 3063 1006 3111 maetam
1057 3049 1295 3121 lusbci,quaudo
1307 3065 1339 3106 es
1354 3048 1472 3122 AEpypto
1486 3048 1620 3122 fugientes
1635 3052 1754 3110 Rubrum
1767 3072 1847 3112 unare

214 3144 387 3202 devotionern
402 3160 409 3196 ι
425 3142 488 3213 quia
508 3142 639 3214 optimum
661 3152 704 3200 est
725 3144 752 3200 in
775 3144 823 3199 tali
845 3144 935 3200 studio
956 3144 1006 3201 hos
1056 3142 1223 3198 transierunt
1237 3140 1337 3207 (litid-
1353 3157 1410 3208 iiii,
1424 3140 1503 3213 2lli-t
1519 3141 1585 3210 iiiiii
1596 3141 1678 3215 iiiiii
1691 3144 1718 3200 in
1731 3144 1844 3202 Christo

215 3229 404 3286 sanctissimos
426 3245 558 3302 peragere
582 3232 659 3298 dies,
685 3239 713 3288 et
738 3233 855 3288 maxime
881 3233 910 3288 iu
932 3233 1005 3289 beati
1056 3232 1204 3289 secundum
1218 3231 1360 3287 veritatem
1374 3231 1483 3302 impleta
1491 3231 1615 3300 estium
1628 3234 1841 3306 perpessionem

215 3321 327 3378 loannis
350 3321 522 3392 evangeliste
541 3322 698 3392 Evangelio,
711 3323 740 3377 ia
754 3339 808 3393 quo
832 3334 895 3379 sunt
909 3324 1006 3380 altiora
1055 3325 1144 3380 erucis
1159 3324 1286 3381 transiret
1300 3339 1333 3380 ex
1346 3324 1398 3381 hoe
1412 3325 1512 3381 mundo
1524 3326 1561 3383 ad
1572 3325 1692 3384 Patrem.
1711 3327 1752 3383 lta
1762 3329 1846 3386 nobis

214 3413 344 3485 mysteria
350 3412 521 3480 Divinitatis;
538 3411 609 3468 iliius
622 3427 731 3483 quoque
739 3412 877 3485 Evangelii
890 3416 1006 3472 sanctis-
1056 3414 1249 3471 transeunda-m
1263 3422 1306 3471 est
1320 3415 1355 3472 ab
1372 3416 1424 3471 hoe
1437 3416 1538 3472 mundo
1553 3416 1589 3473 ad
1608 3416 1761 3485 Patrem,a
1774 3428 1845 3477 teus

215 3503 286 3561 sima
299 3503 381 3559 verba
396 3501 503 3558 bomim
522 3502 610 3559 nostri
623 3500 688 3557 lesu
700 3501 811 3568 Christi,
826 3519 886 3574 quae
900 3505 1005 3562 loeutus
1054 3505 1195 3576 paratibus
1214 3506 1250 3564 ad
1262 3515 1378 3575 aeterna,
1389 3508 1424 3564 ab
1445 3507 1588 3578 iniquitate
1610 3509 1645 3565 ad
1664 3510 1811 3583 juariam,
1826 3530 1843 3568 a

213 3601 258 3649 est
269 3607 303 3650 ea
315 3599 396 3649 noue
408 3607 462 3663 qua
481 3591 553 3648 tradi
566 3592 653 3648 voluit
665 3606 716 3662 pro
730 3593 824 3649 mundi
838 3593 933 3650 salute
950 3594 1004 3651 'lo-
1054 3595 1197 3667 deceptore
1216 3596 1323 3654 diabolo
1336 3598 1371 3654 ad
1384 3597 1544 3654 salvatorem
1557 3598 1711 3657 Christum.
1721 3600 1787 3656 Cam
1800 3603 1842 3658 tt.

214 3683 270 3738 tius
281 3681 394 3738 lorsitm
416 3682 554 3753 Evangelii
566 3683 763 3753 expositionem
777 3684 863 3741 direxi
878 3685 1005 3759 [direxis-
1054 3686 1159 3744 iesmst
1168 3690 1283 3762 sansoni
1292 3699 1367 3744 erent
1378 3689 1406 3745 ie
1419 3689 1653 3764 mandomsqaeis
1661 3692 1740 3762 finan
1751 3691 1845 3749 ditem

214 3769 285 3844 sera]
297 3771 388 3838 vobis,
404 3771 427 3828 si
440 3786 550 3829 menon
562 3782 722 3844 occupasset
734 3773 837 3831 domini
850 3777 923 3848 regis
934 3792 1004 3849 prac-
1052 3797 1107 3838 ιιι.
1125 3801 1136 3837 ι
1151 3782 1249 3854 Utinm
1260 3790 1290 3838 nt
1303 3791 1332 3839 et
1345 3784 1396 3855 ipsi
1408 3785 1442 3840 de
1452 3784 1505 3841 hoe
1518 3784 1629 3851 mundo,
1642 3786 1691 3842 nbi
1705 3794 1790 3852 erant,
1805 3787 1843 3843 ad

212 3870 321 3933 ωριιιιιι
337 3862 364 3918 iu
375 3864 563 3920 emendatione
572 3864 680 3921 leteris
691 3864 813 3937 llovique
824 3866 1003 3925 Testanunti.
1053 3888 1132 3930 suurn
1145 3881 1236 3946 capnt,
1249 3874 1320 3944 quod
1343 3875 1406 3931 ltine
1425 3875 1586 3941 transiisset,
1601 3874 1686 3949 592
1697 3876 1756 3946 ejus
1774 3878 1843 3935 dile·

212 3951 327 4021 Tamen,
337 3954 393 4011 lieo
405 3955 601 4022 auxiliantem
614 3956 671 4012 vita
684 3957 792 4023 comite,
803 3966 921 4029 eoepturn
935 3975 1004 4031 opus
1053 3964 1142 4021 ctione
1156 3964 1318 4020 transirent:
1331 3983 1342 4017 ι
1360 3963 1394 4019 ln
1406 3964 1497 4035 fierem,
1506 3965 1533 4022 id
1547 3974 1588 4023 est
1602 3967 1630 4021 in
1643 3975 1785 4035 aeternum,
1798 3969 1845 4023 di-

209 4043 360 4100 scctvudurn
367 4046 596 4116 opportunitatem
603 4047 1002 4117 temporiserpleverovcstro·
1052 4053 1116 4109 lenit
1127 4070 1203 4109 eone
1220 4053 1268 4110 Vei
1283 4054 1311 4109 in
1321 4054 1410 4124 ficem,
1422 4054 1450 4110 ln
1461 4053 1608 4124 Christum,
1623 4058 1686 4129 qrria
1699 4058 1761 4116 bnis
1774 4060 1845 4132 legis

210 4150 266 4207 qne
278 4136 381 4192 nomini
393 4145 610 4192 consummatum
623 4136 792 4193 dedicavero.
806 4137 884 4195 Nunc
896 4153 960 4195 vem
974 4141 1002 4197 in
1052 4141 1175 4199 Christus
1187 4151 1240 4200 est.
1255 4142 1350 4216 (Vens.
1365 4144 1405 4217 2.)
1428 4144 1463 4200 Et
1477 4162 1550 4201 enno
1560 4146 1619 4219 jorn
1630 4148 1713 4220 [ceu.
1728 4149 1788 4207 Nou
1803 4153 1844 4209 ita

210 4227 338 4300 presenti
352 4227 483 4298 deprecor
496 4234 527 4283 ut
538 4226 623 4282 nostri
638 4227 755 4283 nominis
769 4227 890 4284 babeatis
900 4244 1002 4285 merno-
1014 4252 1041 4315 ῃ
1052 4233 1183 4290 debemm
1194 4233 1344 4307 intelligere
1364 4250 1470 4293 coenam
1491 4237 1761 4310 lucernaenobis
1776 4259 1848 4301 oon·

211 4317 282 4372 riam
291 4317 319 4373 in
330 4317 506 4374 saumisacris
517 4315 620 4392 [Fortu
632 4316 823 4391 saemsanctis]
833 4319 1001 4376 orationihus
1051 4334 1187 4397 sumptam
1204 4324 1298 4399 lien,
1312 4326 1538 4401 consummatam]
1551 4336 1632 4401 atque
1652 4339 1820 4390 transactam
1832 4355 1849 4392 a.

212 4407 760 4479 vestrisrethoctempussauctissimum
774 4408 802 4465 in
816 4408 1001 4466 servitiosan·
1050 4415 1138 4473 adbuc
1158 4416 1231 4472 enim
1253 4417 1430 4486 comanam,
1444 4434 1506 4475 cum
1529 4419 1660 4478 [ιοιιιίιιιιι
1680 4424 1798 4480 surrexit
1809 4434 1850 4482 et

208 4496 330 4564 obtatis,
344 4495 515 4566 etrelipione
528 4498 687 4554 castissimae
705 4499 779 4565 vite,
792 4506 820 4555 et
835 4499 862 4554 in
879 4499 1000 4559 lectioms
1049 4509 1132 4578 pedes
1145 4508 1210 4565 lavit
1230 4509 1369 4581 disciprrlis
1386 4510 1452 4567 suis.
1477 4510 1545 4573 Nam
1557 4517 1796 4585 postearecnhuit,
1811 4530 1851 4579 et

209 4586 300 4643 stadio
324 4601 454 4657 prospere
478 4589 636 4659 peragatis,
662 4600 796 4661 quaoenus
821 4592 855 4648 ad
876 4601 999 4649 sanctum
1048 4597 1196 4655 bucceham
1214 4615 1264 4657 suo
1274 4601 1399 4659 traditori
1421 4602 1506 4659 dedit.
1520 4603 1603 4661 Coena
1621 4622 1687 4679 ergo
1701 4606 1782 4674 laeta,
1798 4610 1844 4665 di-

207 4675 312 4733 Paseha
324 4678 523 4748 pervenientes,
531 4680 673 4751 condignis
682 4680 806 4739 laudibus
822 4683 1000 4743 resurrectio·
1048 4696 1121 4745 ctum
1138 4689 1358 4764 est[dla.,eoena
1372 4708 1438 4764 ergo
1452 4694 1524 4751 dicta
1548 4693 1615 4769 esti,
1624 4696 1683 4768 jam
1701 4707 1808 4768 parata,
1826 4719 1839 4752 ι

209 4782 273 4824 nem
297 4768 405 4826 Domini
427 4770 513 4826 nostri
538 4770 676 4828 celebrare
700 4772 823 4829 valeatis.
856 4771 927 4843 Opto
951 4790 999 4830 vos
1048 4780 1252 4840 convivantibus
1261 4782 1399 4855 discipulis
1409 4801 1471 4842 cum
1485 4785 1626 4859 uspiano.
1639 4786 1844 4845 cruentatus

206 4868 317 4929 sempor
331 4858 437 4927 valere,
450 4870 478 4916 et
498 4860 525 4916 in
539 4862 613 4917 omni
625 4862 734 4932 pietatis
747 4862 876 4919 exercitio
889 4862 995 4932 florere,
1041 4871 1102 4943 iona
1125 4873 1237 4928 misisset
1256 4874 1284 4929 in
1303 4890 1350 4929 eor
1366 4884 1395 4929 nt
1413 4876 1527 4931 traderet
1549 4892 1609 4931 esra
1630 4875 1718 4934 ludos
1742 4877 1843 4937 Simon

208 4948 377 5008 charissime
386 4951 511 5009 dominae
1046 4959 1201 5021 scariothis.
1219 4962 1270 5019 «st
1284 4964 1384 5035 queris
1394 4966 1460 5036 quid
1471 4967 1584 5025 missum
1596 4969 1633 5025 sit
1642 4968 1669 5026 in
1684 4969 1849 5029 cortada!

479 5060 593 5119 capua
618 5062 724 5119 xxm,
1046 5054 1103 5111 llcc
1124 5055 1228 5127 utique,
1242 5065 1271 5111 ut
1290 5057 1403 5114 traderet
1423 5075 1496 5114 eum.
1522 5059 1614 5117 llissio
1627 5061 1681 5118 ista
1703 5063 1848 5135 spiritalis

207 5170 324 5247 Stirpem
336 5194 353 5232 o
365 5193 443 5258 cena,
456 5176 519 5233 inuit
538 5178 615 5260 pedes
636 5179 834 5248 discipulorum,
847 5183 993 5255 cuempiam
1045 5147 1181 5248 ,mmm
1192 5155 1234 5203 ⁰³⁸
1246 5165 1278 5253 ²‚’
1291 5149 1385 5255 ⁰¹3⁰&
1395 5163 1478 5207 Μ
1488 5152 1674 5259 Ῡοῳωῷω
1687 5154 1772 5221 ‘⁰⁰¹⁸’
1783 5158 1841 5261 ’ἦα

239 5259 269 5298 re
289 5245 392 5301 dediue
414 5247 514 5314 decens,
528 5259 556 5303 at
579 5251 631 5319 rpri
650 5252 782 5305 conaemis
800 5251 911 5322 [acient.
924 5254 993 5325 qnod
1044 5252 1071 5291 ¹¹¹
1083 5252 1131 5292 0⁰¹
1142 5248 1337 5296 mmmm
1347 5256 1455 5313 ¹¹¹¹¹lll²i
1479 5253 1550 5300 ⁸¹⁰¹st
1570 5259 1642 5303 enata
1656 5246 1744 5305 ¹¹⁰nai
1758 5263 1840 5320 0⁰8¹·

241 5317 358 5371 omnirnu
371 5315 511 5373 Dominum
525 5319 617 5389 sectae
629 5321 783 5391 probantur.
1044 5331 1158 5388 tationes
1178 5332 1311 5406 benignus
1324 5333 1442 5405 Spiritus
1456 5336 1592 5405 immittit,
1599 5338 1640 5396 sic
1651 5341 1732 5399 etiarn
1744 5343 1847 5403 melu

241 5404 333 5462 Otene
354 5424 414 5475 ιιιι,
430 5409 512 5465 lens.
529 5411 553 5464 l.
568 5410 680 5466 -Ante
693 5413 762 5467 diem
787 5422 874 5468 entem
897 5412 992 5484 [estant
1042 5421 1220 5491 cogitationes
1240 5426 1374 5498 malignus
1395 5427 1510 5499 spiritus
1532 5433 1690 5504 magarito
1714 5432 1771 5492 Sed
1790 5435 1840 5493 iu-

239 5574 252 5600 ·
274 5558 311 5613 iio
333 5563 395 5644 lere.
405 5564 517 5647 epistola
532 5573 560 5621 et
573 5567 740 5650 detempore
753 5584 808 5637 otro
819 5569 919 5653 scripta
938 5578 989 5634 est,
1042 5573 1134 5629 misso.
1148 5571 1223 5632 lianc
1236 5592 1288 5633 non
1304 5579 1386 5636 habet
1397 5580 1457 5637 ood.
1473 5597 1524 5639 ms.
1542 5582 1572 5640 S.
1585 5584 1782 5645 Erameramai.

204 5631 359 5700 secuteque
371 5632 486 5688 cremans
497 5651 523 5689 ιιι
536 5642 638 5691 ιιιοιιιιο
650 5637 693 5693 lus
705 5648 906 5695 corrrnrcutnrns
918 5654 986 5709 pree·
1075 5643 1144 5699 tex
1163 5644 1192 5701 S.
1207 5645 1286 5719 Aug..
1302 5657 1380 5707 tract.
1395 5665 1438 5720 nv,
1452 5666 1527 5709 num.
1542 5654 1595 5709 Μ.
