4075 6192
227 301 279 358 tte
647 297 681 350 it.
699 293 732 350 i.
753 289 866 349 ttstbt
887 288 954 345 SEU
975 283 1114 342 incutit
1132 282 1275 377 obtudit
1295 280 1384 339 PARS
1402 280 1434 344 ll.
1805 264 1858 322 681

229 436 301 484 nura,
315 426 342 472 ιιι
355 417 473 489 probaret
494 430 536 467 eus
552 412 632 479 Deus,
646 421 669 465 et
688 409 833 465 suesceret
851 399 951 460 similet
964 418 1020 457 esse
1034 402 1059 463 Δ
1071 398 1253 468 voluptutem:
1274 412 1361 468 neque
1378 395 1524 452 enimcum
1538 388 1623 446 semei
1647 402 1697 443 nos
1709 384 1862 441 dissolverit

228 509 325 566 testim
340 504 443 561 idcirco
455 519 523 557 cous
535 501 655 556 interitus
672 508 709 553 ert
722 497 868 559 bominum,
881 503 906 546 et
914 492 1020 561 jumer-
1071 487 1205 553 iuteritus,
1222 502 1300 557 posse
1320 487 1364 542 iris
1385 481 1488 555 perlrui
1504 497 1520 536 e
1534 479 1632 550 quibus
1651 474 1804 532 recedimus
1821 474 1864 528 in·

228 612 324 664 romu,
338 607 362 651 et
375 611 450 667 equo
463 594 596 663 uiduarum
616 589 741 646 conditio.
763 584 838 641 Siout
853 579 1020 637 morituris-
1070 578 1150 651 grati.
1165 576 1218 633 Seri
1239 576 1345 633 meliori
1358 590 1439 632 serrsu
1452 572 1485 628 do
1499 571 1592 627 laetitin
1608 570 1865 638 bonorumoperum

229 704 281 753 mo,
295 686 334 742 ric
344 693 369 740 et
381 683 429 740 illo
440 684 596 739 moriuntur.
621 679 748 737 Similiter
768 676 867 747 rpirorrt
882 673 980 736 omniu,
996 678 1021 724 et
1072 667 1273 739 intelligendum
1289 675 1341 724 est.
1355 664 1427 720 Nilril
1440 671 1483 719 est
1493 675 1558 733 ergo
1576 658 1673 715 molius
1685 657 1713 713 in
1725 657 1781 712 rita
1799 656 1865 720 ista.

228 776 295 835 uitii
303 776 381 833 iulo
393 777 471 833 icaro
487 776 608 848 jumento
624 772 747 834 amolior.
768 769 868 824 coactu
887 763 1021 835 subjaceat
1072 758 1124 814 nisi
1138 757 1210 828 quod
1220 756 1326 813 letetm
1339 756 1421 811 bomo
1432 753 1461 808 in
1471 765 1552 823 opere
1562 764 1623 812 suo.
1638 747 1739 804 iaciens
1749 746 1867 804 etmmo

228 871 347 935 moirti,
362 879 387 927 et
398 871 487 926 omnio
509 877 619 939 percunt
638 864 672 920 od
684 878 765 918 soum
786 860 882 915 iocum.
898 855 937 909 De
951 864 1023 908 terro
1071 863 1176 920 synam,
1190 854 1219 903 et
1230 845 1336 903 iuturus
1351 844 1403 902 sibi
1424 844 1566 899 thesauros
1580 841 1609 897 iu
1630 853 1715 911 regno
1732 837 1867 896 stolorum

229 963 300 1034 fectu
312 972 384 1028 suat,
396 971 421 1017 et
431 962 459 1016 irr
469 969 567 1015 terreor
576 957 676 1029 sorim
693 961 861 1009 reuertentur.
876 943 941 1014 ‘Quis
953 944 1024 1000 norit
1072 951 1239 1008 properans.
1268 935 1344 992 Hanc
1358 934 1444 991 solam
1467 928 1744 989 habemusreraciter
1761 930 1866 999 portio·

228 1054 253 1107 si
267 1052 376 1124 spirituc
389 1049 506 1121 fitiorum
519 1046 604 1101 dicor
618 1041 742 1098 ascendut
762 1054 877 1102 sursum,
896 1045 920 1090 et
935 1035 958 1089 ri
971 1031 1026 1103 rpi-
1070 1045 1146 1096 uem,
1167 1044 1249 1100 quem
1268 1044 1319 1085 noo
1340 1029 1395 1095 iur,
1417 1042 1468 1084 neo
1484 1025 1556 1082 latro
1576 1024 1660 1090 salet,
1673 1038 1723 1080 nec
1736 1031 1869 1096 tyrannus

230 1143 297 1197 ritus
314 1141 497 1213 jumentorum
512 1133 651 1190 descendat
674 1129 819 1186 deonanti
840 1125 898 1182 Non
921 1123 1024 1179 miran-
1072 1122 1191 1190 auferre,
1218 1136 1278 1192 qnte
1302 1136 1353 1178 nos
1381 1118 1567 1177 tmummodo
1595 1124 1656 1190 nost
1679 1123 1797 1173 mrtem
1824 1130 1869 1172 se-

230 1232 295 1288 dum
309 1239 351 1288 ost
375 1230 403 1285 in
423 1226 551 1300 {tresenti
565 1225 632 1291 vita,
657 1223 728 1278 inter
747 1220 851 1290 justum
870 1225 898 1272 et
912 1214 1025 1286 impium
1072 1220 1182 1285 metor.

231 1322 333 1393 nullam
353 1335 413 1376 esse
434 1316 600 1379 distantiam,
616 1326 667 1369 nec
688 1309 790 1381 aliquid
812 1306 920 1362 virtutis
934 1303 1026 1358 valere
1383 1301 1497 1360 utros
1515 1302 1560 1358 ii.

233 1414 334 1489 [tileo.
360 1428 411 1470 nec
436 1409 538 1480 aliquid
564 1406 656 1464 valere
680 1401 819 1476 virtutesi,
846 1399 896 1456 sed
920 1399 1026 1455 incerto
1110 1396 1192 1453 Voss.
1206 1396 1232 1452 l.
1246 1426 1283 1437 -
1298 1393 1367 1451 i'erti
1380 1410 1422 1450 rrae
1431 1394 1466 1450 ori
1476 1392 1542 1459 olio,
1554 1401 1579 1447 et
1590 1391 1643 1448 ridi
1652 1390 1799 1446 solemnior
1811 1405 1872 1462 quc

232 1511 331 1562 eventu
342 1503 434 1561 omnia
446 1498 575 1567 solutari,
590 1512 651 1553 cum
668 1495 750 1552 etiam
767 1494 841 1550 iuter
857 1490 984 1562 mundes,
997 1494 1027 1542 et
1074 1487 1121 1542 tsi
1135 1486 1189 1541 sole
1208 1494 1335 1558 ceruum
1356 1483 1430 1557 [iis.‚
1449 1482 1629 1556 cereremsrl,
1643 1491 1667 1536 rt
1681 1480 1812 1551 lacrymor
1830 1481 1873 1535 irr-

232 1594 356 1651 homines
369 1592 516 1651 secundm
539 1588 661 1660 corporis
682 1586 813 1642 vilitatem
827 1581 894 1638 nibil
919 1578 1027 1635 differre
1074 1579 1232 1644 nocentiam,
1249 1587 1273 1632 et
1295 1577 1484 1633 consolatorem
1503 1574 1642 1637 orminos,
1657 1588 1703 1627 rreo
1721 1587 1797 1642 nosse
1807 1571 1874 1626 reai-

231 1684 366 1742 rideatur.
381 1680 458 1739 Sicut
472 1681 567 1738 eadem
580 1677 699 1737 conditio
713 1682 755 1732 est
767 1671 907 1736 nascendi,
916 1669 957 1724 ita
967 1682 1027 1724 sors
1077 1683 1144 1729 rtere
1165 1689 1255 1728 eorrrrrr
1279 1672 1407 1729 uiolentior
1425 1681 1579 1726 cunctorum
1601 1666 1702 1724 oucilio
1719 1666 1871 1730 deciduos.

233 1790 288 1831 una
301 1772 443 1830 modendi.
459 1770 591 1829 Similiter
605 1767 776 1840 procedimus
788 1763 824 1820 ad
840 1763 938 1828 lucem,
950 1772 1028 1830 eque
1078 1760 1142 1819 Post
1153 1764 1223 1819 bano
1245 1762 1435 1835 cogitatiomm
1447 1761 1510 1817 illuc
1532 1768 1651 1816 meatem
1663 1772 1752 1814 meam
1765 1757 1875 1814 oculos·

234 1865 414 1924 dissolvemur
426 1865 454 1920 in
467 1863 615 1935 pulverem.
629 1858 658 1917 Si
673 1867 763 1917 numm
782 1857 956 1914 rideturbaec
968 1865 1030 1909 esso
1078 1867 1130 1925 qne
1150 1853 1280 1919 coarerti,
1296 1863 1327 1909 ut
1341 1853 1461 1910 riderem
1480 1850 1698 1913 calumniatores,
1717 1857 1745 1905 ot
1769 1849 1874 1905 calum-

233 1957 371 2021 imantia,
393 1955 458 2028 quis
470 1954 584 2025 spiritns
596 1950 715 2009 bominis
736 1947 865 2005 ascendat
877 1947 904 2001 in
919 1943 1027 2006 culum,
1078 1941 1151 1997 niam
1164 1941 1338 1997 sustinentes.
1360 1939 1395 1996 lit
1408 1954 1472 1996 ecoe
1485 1938 1540 1995 ridi
1559 1951 1653 1993 eorum
1677 1935 1724 2006 oui
1744 1943 1873 2007 rrrrotcn¹

233 2053 263 2102 ct
276 2044 389 2117 spiritus
405 2044 512 2116 peeoris
534 2042 682 2100 dmoendu
697 2040 725 2094 in
750 2047 861 2099 temam.
879 2050 932 2106 qua
957 2030 1030 2088 istud
1079 2033 1195 2089 tioribus
1217 2032 1406 2104 opprimuntur
1419 2030 1564 2104 lacrymas,
1589 2043 1657 2099 otrus
1680 2026 1753 2084 solas
1773 2027 1875 2083 babere

234 2148 311 2199 corta
324 2138 484 2196 audoritato
502 2133 580 2208 [Hm
602 2148 657 2204 quo
679 2132 751 2189 istud
761 2126 970 2200 certonuctore]
984 2141 1030 2183 co-
1077 2128 1192 2192 possunt
1210 2119 1239 2175 in
1253 2118 1461 2183 calamitatibus,
1483 2116 1567 2190 422
1582 2117 1622 2172 rei
1638 2116 1767 2172 invidiam
1785 2123 1875 2186 omm-

235 2228 395 2300 grrorimusi
405 2225 471 2295 Quis
484 2231 573 2297 potest
583 2223 655 2280 scire
671 2231 763 2277 utrum
774 2235 869 2277 rerum
882 2234 917 2273 un
932 2216 1030 2273 laisum
1079 2218 1193 2279 stantes,
1203 2211 1251 2281 qui
1259 2210 1454 2268 consolatorem
1466 2217 1603 2278 nequount
1613 2207 1745 2263 invenire.
1759 2205 1875 2277 thnod

235 2316 358 2390 sitquod
371 2313 532 2388 speramus?
555 2311 714 2369 iiocautem
732 2309 808 2376 dicit,
821 2323 874 2364 non
888 2305 1031 2378 quodant-
1081 2302 1213 2359 malornm
1234 2301 1417 2358 miserrimum
1430 2299 1467 2356 sit
1487 2297 1565 2370 [ilr.,
1589 2313 1643 2369 quo
1666 2296 1876 2366 majormiseria

237 2422 307 2465 snam
320 2415 395 2478 nutet
408 2404 497 2477 perire
508 2419 570 2461 oum
592 2416 713 2472 corpore,
736 2399 777 2456 rel
792 2414 874 2455 unum
896 2397 992 2454 bestiis
1003 2404 1032 2452 et
1080 2392 1138 2467 siti,
1153 2401 1181 2449 et
1199 2391 1399 2449 inconsolabilis
1410 2390 1498 2457 dolor,
1515 2389 1725 2446 calumniatores
1743 2387 1875 2443 videntis

237 2497 391 2556 lroruinibus
410 2494 555 2568 ermimari
578 2493 677 2556 locum,
693 2491 741 2547 sed
761 2491 834 2560 quod
848 2496 911 2545 ante
929 2488 1032 2543 adren—
1081 2482 1138 2538 suis
1149 2479 1336 2551 iniquitatibus
1352 2477 1498 2535 fortiorest
1519 2485 1547 2533 et
1559 2476 1617 2533 bose
1630 2485 1673 2532 est
1693 2491 1787 2542 musa,
1800 2475 1874 2546 quod

236 2599 294 2647 tum
314 2587 416 2646 Christi
438 2586 528 2643 omnin
542 2583 578 2640 ad
601 2581 704 2638 inleros
721 2580 824 2651 molter
835 2578 1033 2635 descendemus
1081 2587 1135 2627 non
1146 2570 1237 2627 valent
1253 2569 1397 2627 consolari.
1413 2568 1522 2624 Plenius
1535 2567 1606 2624 burro
1625 2568 1712 2623 locum
1725 2566 1754 2622 in
1767 2574 1876 2637 septua-

236 2680 316 2755 isti-r
332 2675 517 2750 ducerenturi.
533 2674 611 2733 liudo
624 2681 652 2728 et
664 2671 747 2728 iacob
761 2671 795 2726 nd
806 2667 909 2725 inferos
921 2667 1033 2723 descen·
1081 2664 1184 2736 gesimo
1206 2662 1325 2719 moundo
1343 2660 1448 2731 psalmo
1465 2657 1570 2725 liarid3
1595 2664 1623 2714 et
1638 2655 1812 2714 irremissio
1825 2671 1875 2712 suo

238 2784 332 2829 surum
346 2783 377 2826 sc
397 2761 675 2838 mulctaremur).
700 2761 734 2817 Et
747 2759 797 2816 lob
810 2761 870 2830 pios
890 2766 917 2813 et
936 2756 1034 2827 impios
1081 2754 1217 2813 volumine
1229 2754 1384 2825 exquirunt.

237 2860 361 2933 queritur
382 2856 453 2930 apud
478 2853 580 2911 micros
600 2853 733 2909 demutari
755 2851 828 2924 (iol.
850 2865 899 2915 ru,
916 2847 973 2920 li).
999 2847 1034 2903 Et
1117 2845 1199 2905 irus
1214 2845 1243 2912 2,
1258 2846 1285 2902 3.
1295 2875 1331 2886 -
1343 2844 1378 2899 m
1399 2843 1506 2900 louduri
1521 2844 1605 2915 mocio
1615 2852 1733 2898 mortuos
1747 2857 1827 2914 quum
1838 2841 1875 2896 rri-

238 2963 334 3007 rerera
352 2955 496 3018 antequam
510 2943 662 3000 flammeam
686 2942 760 2999 illam
776 2949 874 3002 rotam.
887 2948 915 2995 et
927 2939 1034 3011 igneam
1083 2945 1178 3002 mater,
1199 2944 1224 2990 et
1244 2934 1386 3006 feliciorem
1410 2943 1518 3007 meoque
1539 2935 1672 3005 judicari,
1694 2936 1740 3007 qui
1763 2932 1875 2991 necdum

238 3039 403 3111 rompheam
417 3033 451 3091 ad
463 3032 562 3108 [ilier.,
576 3032 616 3105 et]
628 3032 745 3104 conlisi
756 3031 828 3086 iores
838 3028 1032 3086 cbristuscum
1046 3064 1070 3128 c
1084 3036 1161 3084 roim
1176 3037 1226 3093 ert,
1240 3044 1287 3083 rrec
1301 3027 1364 3082 uidit
1378 3026 1449 3082 molo
1459 3042 1518 3098 cuc
1530 3026 1598 3095 ficut
1611 3026 1659 3082 rut
1668 3025 1734 3082 wie.
1747 3027 1791 3083 Ad
1801 3041 1876 3083 oom-

240 3131 347 3188 lstrone
367 3132 512 3194 reseraret,
531 3124 622 3181 clausa
635 3131 715 3180 crant
728 3123 858 3190 celestia,
874 3130 901 3178 et
921 3121 1034 3192 spiritus
1083 3119 1253 3189 emtionem
1267 3118 1436 3175 miseriorum
1456 3118 1554 3188 quibus
1566 3118 1596 3172 iu
1620 3118 1672 3174 boe
1685 3119 1786 3175 mundo
1803 3133 1876 3177 mor·

240 3221 359 3281 hominis
382 3216 542 3292 pecorisque
565 3215 678 3287 equalis
703 3214 794 3270 vilitas
820 3212 985 3269 coarctabat.
1000 3212 1035 3268 Et
1084 3212 1331 3283 talcspremoutur,
1353 3209 1486 3270 leliciores
1500 3210 1619 3283 judicari
1632 3217 1763 3278 munos,
1778 3212 1814 3266 ub
1827 3210 1878 3266 bu·

238 3313 302 3369 licet
322 3311 395 3368 eliud
416 3309 523 3365 ridetur
542 3304 619 3380 [lle.
643 3304 790 3376 videretur]
815 3304 935 3369 dissolri,
962 3301 1036 3358 aliud
1079 3299 1126 3373 J'tts
1138 3301 1253 3358 miserim
1273 3301 1365 3357 labore
1383 3301 1520 3367 liberatos,
1538 3316 1621 3372 quam
1633 3301 1761 3358 virentes.
1781 3300 1877 3357 ilelior

239 3399 385 3466 reservari,
402 3406 557 3454 tamennon
577 3393 693 3449 multum
705 3394 846 3460 intererat,
860 3393 950 3464 perire
972 3405 1035 3447 cum
1083 3401 1126 3450 est
1137 3393 1229 3463 itaque
1242 3392 1286 3448 iris
1304 3392 1417 3459 duobus,
1431 3392 1539 3449 virente
1551 3391 1675 3449 videlicet
1693 3399 1721 3446 et
1734 3389 1877 3456 detonsio,

239 3502 365 3562 corpore,
378 3495 425 3542 aut
436 3483 536 3541 iulcrui
552 3482 671 3538 tenebris
683 3482 808 3537 detineri.
820 3480 897 3550 Quod
909 3496 974 3538 rero
984 3481 1034 3547 ait,
1084 3482 1258 3555 quinceium
1271 3490 1352 3538 natus
1365 3490 1427 3549 est;
1450 3480 1478 3537 ln
1490 3497 1523 3538 eo
1539 3480 1642 3538 felicior
1654 3487 1708 3546 est,
1727 3480 1794 3551 quia
1811 3492 1878 3536 noo-

239 3580 272 3636 de
289 3589 360 3636 terro
377 3576 447 3649 [orto
471 3582 543 3642 suot,
568 3581 593 3628 et
617 3572 646 3626 irr
667 3580 765 3627 terrum
789 3580 958 3637 reuertentur,
981 3571 1036 3626 boc
1084 3572 1149 3629 dum
1169 3571 1270 3629 malum
1293 3571 1385 3628 mundi
1399 3579 1527 3642 expertus
1541 3579 1593 3629 cst.
1615 3570 1672 3627 iioc
1690 3577 1784 3626 autem
1800 3570 1877 3636 dicit.

241 3685 305 3727 cunr
317 3669 350 3724 do
361 3680 476 3738 corpore
497 3664 590 3721 dicero
607 3661 779 3718 manifestum
793 3668 844 3727 est,
859 3661 923 3731 cuia
937 3674 1036 3731 eorpus
1084 3680 1139 3722 non
1151 3662 1215 3736 quia
1233 3663 1331 3719 animae
1344 3663 1400 3719 siut
1414 3662 1563 3731 bominum,
1582 3662 1730 3721 secundnm
1743 3677 1876 3733 quorum·

242 3760 276 3815 de
290 3766 363 3813 terra
374 3761 495 3841 creatum
512 3761 566 3819 est,
581 3767 635 3807 non
647 3752 755 3820 ruima;
772 3751 843 3808 sicut
854 3751 950 3807 vindex
973 3764 1036 3820 pec-
1085 3755 1148 3811 dam
1159 3768 1290 3820 errorem,
1312 3760 1455 3825 numquam
1469 3762 1598 3812 nascatur
1610 3754 1691 3811 homo
1707 3752 1737 3808 in
1755 3754 1877 3822 mundo;

239 3847 295 3907 ceti
308 3845 441 3903 sentemia
454 3844 557 3901 bomini
569 3844 679 3902 intulit:
705 3844 786 3900 Terra
805 3862 844 3913 er,
859 3854 884 3899 et
897 3845 925 3899 ir
937 3853 1035 3900 terrem
1085 3847 1208 3918 sedquia
1222 3846 1319 3903 meins
1338 3846 1375 3903 sit
1396 3845 1506 3904 omuino
1528 3862 1582 3905 non
1602 3861 1674 3912 esse,
1695 3861 1748 3903 nec
1766 3860 1879 3903 sensum

240 3938 291 3996 ilria
303 3934 381 4013 (Gerr.
395 3953 437 4005 ιιι,
449 3934 504 4010 tt).
519 3935 583 3994 lico
596 3937 704 3994 interim
713 3936 791 4007 juxta
802 3938 930 3993 litteram.
945 3936 1037 4003 Quan·
1085 3939 1186 3996 hebere
1198 3937 1366 4005 substtmiar,
1381 3953 1462 4010 quam
1479 3937 1622 3994 infeliciter
1640 3937 1684 3992 rel
1696 3951 1767 4003 esse,
1779 3936 1824 3993 rel
1837 3937 1878 3993 ri-

241 4038 299 4087 tum
314 4027 349 4085 ad
368 4026 519 4099 spiritalem
542 4026 745 4099 intelligentiam
766 4027 969 4099 perituraque
984 4027 1037 4082 soit
1085 4042 1159 4084 vere.
1171 4026 1230 4094 Quo
1242 4026 1324 4084 modo
1334 4035 1363 4083 et
1375 4027 1408 4083 de
1421 4026 1490 4083 iuda
1502 4026 1772 4098 iiominusloqultur‚
1787 4025 1875 4082 lutona

240 4130 332 4177 utrum
346 4117 469 4190 spiritus,
483 4118 530 4189 qui
551 4117 669 4173 hominis
682 4117 860 4188 appellatione
874 4118 970 4188 dignus
981 4124 1035 4183 est,
1085 4120 1145 4191 mur
1157 4128 1292 4178 tormenta
1303 4120 1458 4192 significans
1471 4137 1479 4177 ς
1505 4121 1602 4179 mrem
1613 4132 1670 4179 ,m
1682 4138 1733 4177 m„
1744 4123 1819 4177 ,Μ’
1829 4123 1877 4177 30.

241 4210 371 4267 asccndat
384 4206 578 4267 incoelum.et
596 4214 687 4261 utrum
701 4215 834 4275 pccoutor,
859 4207 906 4277 qui
925 4205 1035 4275 jumen·
1085 4213 1151 4267 raioi
1170 4210 1212 4268 ilii
1233 4195 1340 4283 (licuit.
1356 4228 1432 4280 xxrr,
1453 4212 1518 4287 ab:
1540 4214 1603 4284 quin
1624 4213 1722 4271 melius
1743 4213 1833 4270 tuem
1850 4214 1877 4269 ei

243 4311 300 4358 tum
311 4309 436 4368 vocatur,
457 4297 604 4355 descendat
616 4298 645 4353 in
666 4298 789 4353 terraml
808 4297 881 4354 Fieri
902 4299 975 4354 enim
988 4314 1037 4369 po
1085 4303 1197 4359 omniuo
1208 4317 1262 4359 non
1273 4318 1344 4370 esse,
1358 4318 1440 4374 quam
1452 4312 1568 4361 mternos
1579 4307 1716 4363 cruciatus
1724 4306 1838 4377 perpeti.

241 4401 297 4452 test
306 4403 452 4464 utrumque
463 4406 514 4463 pro
528 4391 631 4447 incerto
641 4391 704 4447 ritu
723 4387 804 4459 buius
815 4397 844 4446 et
864 4390 969 4446 lubrico
981 4398 1036 4447 sta-
1048 4412 1076 4475 „
1122 4395 1202 4451 Vens.
1214 4393 1242 4448 i.
1252 4423 1287 4434 -
1296 4392 1400 4451 liorem
1409 4395 1663 4467 contemplatorem
1674 4414 1763 4453 ooruer
1774 4397 1875 4452 mmm

240 4491 283 4553 tu,
295 4492 326 4541 ut
342 4482 434 4556 iustus
452 4481 542 4549 cudat,
562 4489 689 4553 peccetm
710 4489 852 4552 resurgam
868 4490 896 4537 et
912 4495 1038 4536 nonnun-
1086 4484 1232 4551 inmisere,
1255 4495 1279 4541 et
1302 4485 1446 4541 induurr'or
1467 4487 1640 4543 animaduerti
1661 4497 1752 4560 psum
1770 4486 1875 4543 irride

240 4590 325 4649 qoam
339 4573 456 4641 cvmiat,
472 4581 501 4629 ut
512 4572 699 4629 renouabitur
709 4581 737 4628 et
747 4573 869 4629 eruditus
883 4572 1036 4645 scripturis,
1084 4576 1208 4648 prostati,
1219 4586 1244 4632 et
1264 4579 1292 4632 irr
1308 4578 1357 4632 iroo
1368 4593 1430 4649 eron
1447 4579 1548 4634 moires
1561 4587 1586 4634 ot
1597 4595 1663 4634 cere
1680 4580 1816 4652 rupetae
1827 4586 1877 4635 ert.

241 4663 271 4723 td
283 4672 326 4722 est
348 4663 439 4731 bomo,
461 4677 515 4719 uun
534 4663 729 4733 circumspecte
749 4671 777 4720 et
799 4671 829 4718 ut
850 4663 964 4720 scientia
986 4679 1036 4720 sua
1085 4663 1214 4722 Converd
1233 4682 1277 4723 mc
1297 4682 1391 4724 rursus
1411 4668 1445 4724 ad
1457 4667 1520 4733 alia,
1535 4675 1563 4724 et
1577 4668 1632 4732 ridi
1647 4682 1757 4726 omnem
1768 4667 1878 4728 sortita-

241 4752 337 4827 exigit,
356 4753 442 4816 visst.
459 4759 488 4809 et
509 4752 623 4807 ducatur
642 4752 677 4808 ad
701 4750 822 4816 inferos,-
845 4760 874 4806 et
889 4751 1037 4821 sirnplicior
1085 4755 1175 4812 durem
1189 4763 1217 4813 et
1230 4756 1342 4828 glorism
1356 4756 1546 4824 laborantium,
1560 4765 1589 4813 et
1602 4757 1766 4829 deprehendi
1776 4758 1878 4814 baron

241 4844 356 4918 issiiiiffl
370 4840 599 4913 iiiiiiffliiiiifflr
613 4840 949 4912 (illumiliuml¹⁰¹¹¹illis
962 4855 1036 4895 ⁰⁰¹¹]-
1084 4848 1277 4905 ulterioreni
1302 4849 1413 4906 nimrim
1437 4850 1548 4917 melum,
1571 4851 1636 4907 dum
1661 4850 1768 4906 invidos
1789 4850 1878 4908 aliena

240 4935 382 5005 cantione
403 4935 513 5001 dicitur,
536 4934 633 4990 melius
653 4933 735 4998 vivat,
755 4940 783 4987 ct
806 4933 937 5004 martyrio
957 4948 1036 4990 coro-
1084 4937 1213 4995 telicitate
1227 4947 1378 5008 torquetur,
1392 4935 1506 5009 etpstct
1527 4937 1631 4995 insidiis
1643 4939 1786 5011 gloriosos.
1805 4937 1878 5006 Quid

241 5032 322 5082 natus
340 5025 460 5096 paridisi
473 5026 509 5082 Sil
521 5024 642 5081 ⁰0¹⁰ssssi·
1083 5030 1155 5085 enim
1166 5029 1262 5086 renim
1272 5045 1354 5101 quom
1371 5030 1495 5086 homines
1506 5045 1561 5085 uon
1579 5044 1642 5085 suas
1655 5027 1721 5085 licre
1739 5029 1876 5095 miserius,

276 5117 359 5175 Vens.
373 5117 418 5173 22.
430 5147 467 5157 -
479 5115 513 5171 Et
532 5116 688 5188 deprehendi
703 5115 769 5172 nibil
781 5133 836 5172 erse
848 5115 942 5173 arelius
955 5133 1035 5188 ouum
1084 5135 1135 5177 nec
1146 5121 1255 5193 propria
1275 5121 1367 5192 lugere
1389 5127 1499 5190 peccata
1512 5136 1520 5186 ;
1536 5119 1604 5175 alios
1623 5120 1756 5191 iudicare,
1771 5119 1876 5190 seipsos

242 5205 329 5263 letari
342 5203 515 5262 lrooriuerrrirr
535 5220 681 5275 operosus,
696 5214 721 5261 et
735 5207 803 5261 bore
816 5223 872 5262 erre
889 5207 1036 5278 praemii·
1082 5211 1225 5277 oblivisci;
1243 5219 1273 5266 et
1289 5209 1446 5266 melioribus
1467 5218 1572 5266 tantum
1594 5209 1725 5277 inridere,
1749 5207 1878 5265 aliorum.

240 5293 303 5351 littt.
319 5292 385 5362 Qua
397 5295 467 5349 enim
482 5291 594 5349 adimet
608 5310 678 5361 eum,
690 5304 718 5350 ut
730 5304 787 5367 post
798 5312 825 5349 se
838 5295 929 5367 futuro
939 5313 1035 5368 rocco·
1082 5317 1136 5373 quo
1147 5300 1296 5359 benefactis
1306 5301 1448 5371 torquerit

240 5393 298 5441 mot
308 5384 323 5440 l
332 5383 471 5455 Superiori
486 5397 578 5440 erroro
590 5385 725 5452 turbatus,
738 5385 810 5456 quod
821 5394 945 5457 nutarem
964 5388 1035 5442 tuter
1118 5391 1199 5447 vem.
1209 5388 1391 5446 b.-Sruitru
1401 5391 1756 5464 sumptuosissimam
1765 5392 1879 5448 moreris

239 5471 365 5530 nominer
386 5479 414 5529 et
434 5470 536 5529 bestias
559 5472 626 5528 nihil
647 5489 717 5541 esse.
741 5474 769 5530 in
781 5474 851 5530 banc
873 5476 1034 5531 senteutiam
1082 5495 1256 5535 corneorum.
1271 5478 1369 5535 Totam
1392 5481 1463 5551 quod
1481 5481 1600 5548 disserit,
1614 5481 1665 5538 boc
1678 5488 1765 5537 estut
1783 5487 1879 5536 osten·

241 5565 471 5636 introitione
494 5566 622 5623 emerus
647 5567 724 5641 itis,
745 5567 886 5640 iuuetis]
908 5581 979 5631 sum.
1003 5573 1035 5620 ut
1082 5571 1202 5625 rarum
1220 5569 1387 5640 mirarem
1408 5580 1436 5628 o
1452 5572 1689 5643 aliquomodo
1704 5571 1879 5642 monuw-

242 5653 311 5711 niltll
322 5654 396 5712 atiud
417 5657 536 5713 dicerem
554 5658 666 5725 bonum,
690 5659 742 5716 nisi
755 5666 915 5730 presentem
936 5672 1034 5728 cepere
1083 5669 1139 5718 tore
1154 5659 1260 5719 irrridiae
1271 5677 1279 5732 ;
1292 5670 1322 5725 et
1335 5676 1442 5719 rursum
1455 5675 1516 5719 eum
1527 5662 1575 5733 qui
1587 5659 1745 5719 viverevult
1755 5660 1875 5733 quimus,
