<?xml version="1.0" encoding="UTF-8"?>
<!DOCTYPE html PUBLIC "-//W3C//DTD XHTML 1.0 Transitional//EN"
    "http://www.w3.org/TR/xhtml1/DTD/xhtml1-transitional.dtd">
<html xmlns="http://www.w3.org/1999/xhtml" xml:lang="en" lang="en">
 <head>
  <title>
</title>
<meta http-equiv="Content-Type" content="text/html;charset=utf-8" />
  <meta name='ocr-system' content='tesseract 3.04.00' />
  <meta name='ocr-capabilities' content='ocr_page ocr_carea ocr_par ocr_line ocrx_word'/>
</head>
<body>
  <div class='ocr_page' id='page_1' title='image "./patrologiaecurs171unkngoog_0566.png"; bbox 0 0 4075 6192; ppageno 0'>
   <div class='ocr_carea' id='block_1_1' title="bbox 284 259 1925 347">
    <p class='ocr_par' dir='ltr' id='par_1_1' title="bbox 284 259 1925 347">
     <span class='ocr_line' id='line_1_1' title="bbox 284 259 1925 347; baseline -0.015 -1"><span class='ocrx_word' id='word_1_1' title='bbox 284 290 353 347; x_wconf 72' lang='lat' dir='ltr'>nes</span> <span class='ocrx_word' id='word_1_2' title='bbox 703 259 783 340; x_wconf 82' lang='lat' dir='ltr'>n‘r.</span> <span class='ocrx_word' id='word_1_3' title='bbox 805 282 917 340; x_wconf 79' lang='lat' dir='ltr'>nentur</span> <span class='ocrx_word' id='word_1_4' title='bbox 936 282 1000 338; x_wconf 85' lang='lat' dir='ltr'>seo</span> <span class='ocrx_word' id='word_1_5' title='bbox 1020 275 1158 335; x_wconf 71' lang='lat' dir='ltr'>lecum</span> <span class='ocrx_word' id='word_1_6' title='bbox 1175 272 1317 332; x_wconf 81' lang='lat' dir='ltr'>crenus</span> <span class='ocrx_word' id='word_1_7' title='bbox 1336 271 1426 327; x_wconf 78' lang='lat' dir='ltr'>runs</span> <span class='ocrx_word' id='word_1_8' title='bbox 1442 269 1474 324; x_wconf 91' lang='lat' dir='ltr'>n.</span> <span class='ocrx_word' id='word_1_9' title='bbox 1845 268 1925 323; x_wconf 80' lang='lat' dir='ltr'>rtet</span> 
     </span>
    </p>
   </div>
   <div class='ocr_carea' id='block_1_2' title="bbox 283 383 1928 1179">
    <p class='ocr_par' dir='ltr' id='par_1_2' title="bbox 283 383 1928 1179">
     <span class='ocr_line' id='line_1_2' title="bbox 283 383 1927 466; baseline -0.016 -4"><span class='ocrx_word' id='word_1_10' title='bbox 283 409 352 462; x_wconf 80' lang='lat' dir='ltr'>visio</span> <span class='ocrx_word' id='word_1_11' title='bbox 365 404 446 461; x_wconf 82' lang='lat' dir='ltr'>mern</span> <span class='ocrx_word' id='word_1_12' title='bbox 461 404 590 460; x_wconf 76' lang='lat' dir='ltr'><strong>ostendit.</strong></span> <span class='ocrx_word' id='word_1_13' title='bbox 605 402 685 459; x_wconf 84' lang='lat' dir='ltr'>Visus</span> <span class='ocrx_word' id='word_1_14' title='bbox 701 402 772 457; x_wconf 86' lang='lat' dir='ltr'>enirn</span> <span class='ocrx_word' id='word_1_15' title='bbox 788 399 832 456; x_wconf 89' lang='lat' dir='ltr'>ille</span> <span class='ocrx_word' id='word_1_16' title='bbox 847 400 939 466; x_wconf 80' lang='lat' dir='ltr'>erudit,</span> <span class='ocrx_word' id='word_1_17' title='bbox 953 407 982 453; x_wconf 91' lang='lat' dir='ltr'>et</span> <span class='ocrx_word' id='word_1_18' title='bbox 993 395 1070 451; x_wconf 85' lang='lat' dir='ltr'>undi-</span> <span class='ocrx_word' id='word_1_19' title='bbox 1085 397 1107 454; x_wconf 78' lang='lat' dir='ltr'>b</span> <span class='ocrx_word' id='word_1_20' title='bbox 1120 393 1148 445; x_wconf 88' lang='lat' dir='ltr'>iu</span> <span class='ocrx_word' id='word_1_21' title='bbox 1159 392 1252 444; x_wconf 85' lang='lat' dir='ltr'>tbrono</span> <span class='ocrx_word' id='word_1_22' title='bbox 1266 399 1290 443; x_wconf 88' lang='lat' dir='ltr'>et</span> <span class='ocrx_word' id='word_1_23' title='bbox 1306 385 1389 457; x_wconf 74' lang='lat' dir='ltr'>buno,</span> <span class='ocrx_word' id='word_1_24' title='bbox 1414 383 1567 445; x_wconf 70' lang='lat' dir='ltr'>benedictio,</span> <span class='ocrx_word' id='word_1_25' title='bbox 1583 391 1608 436; x_wconf 86' lang='lat' dir='ltr'>et</span> <span class='ocrx_word' id='word_1_26' title='bbox 1629 383 1725 446; x_wconf 83' lang='lat' dir='ltr'>benur,</span> <span class='ocrx_word' id='word_1_27' title='bbox 1738 391 1763 435; x_wconf 89' lang='lat' dir='ltr'>et</span> <span class='ocrx_word' id='word_1_28' title='bbox 1780 395 1882 453; x_wconf 67' lang='lat' dir='ltr'>morae,</span> <span class='ocrx_word' id='word_1_29' title='bbox 1898 393 1927 436; x_wconf 81' lang='lat' dir='ltr'>et</span> 
     </span>
     <span class='ocr_line' id='line_1_3' title="bbox 285 470 1926 558; baseline -0.012 -5"><span class='ocrx_word' id='word_1_30' title='bbox 285 507 330 553; x_wconf 82' lang='lat' dir='ltr'>ras</span> <span class='ocrx_word' id='word_1_31' title='bbox 342 496 423 549; x_wconf 77' lang='lat' dir='ltr'>rtem.</span> <span class='ocrx_word' id='word_1_32' title='bbox 436 493 489 550; x_wconf 81' lang='lat' dir='ltr'>sod</span> <span class='ocrx_word' id='word_1_33' title='bbox 500 494 523 550; x_wconf 83' lang='lat' dir='ltr'>si</span> <span class='ocrx_word' id='word_1_34' title='bbox 534 495 561 549; x_wconf 85' lang='lat' dir='ltr'>ta</span> <span class='ocrx_word' id='word_1_35' title='bbox 575 492 688 547; x_wconf 84' lang='lat' dir='ltr'>circuitu</span> <span class='ocrx_word' id='word_1_36' title='bbox 701 492 782 555; x_wconf 79' lang='lat' dir='ltr'>sedis,</span> <span class='ocrx_word' id='word_1_37' title='bbox 797 500 826 545; x_wconf 88' lang='lat' dir='ltr'>m</span> <span class='ocrx_word' id='word_1_38' title='bbox 836 489 893 558; x_wconf 79' lang='lat' dir='ltr'>jam</span> <span class='ocrx_word' id='word_1_39' title='bbox 907 490 1008 545; x_wconf 82' lang='lat' dir='ltr'>dictura</span> <span class='ocrx_word' id='word_1_40' title='bbox 1017 494 1070 550; x_wconf 81' lang='lat' dir='ltr'>est,</span> <span class='ocrx_word' id='word_1_41' title='bbox 1121 486 1235 550; x_wconf 71' lang='lat' dir='ltr'>parium</span> <span class='ocrx_word' id='word_1_42' title='bbox 1250 477 1278 530; x_wconf 78' lang='lat' dir='ltr'>iu</span> <span class='ocrx_word' id='word_1_43' title='bbox 1292 475 1391 530; x_wconf 66' lang='lat' dir='ltr'>secata</span> <span class='ocrx_word' id='word_1_44' title='bbox 1413 472 1581 528; x_wconf 71' lang='lat' dir='ltr'>secutarem.</span> <span class='ocrx_word' id='word_1_45' title='bbox 1600 470 1721 530; x_wconf 71' lang='lat' dir='ltr'>bie-esde</span> <span class='ocrx_word' id='word_1_46' title='bbox 1734 486 1839 535; x_wconf 73' lang='lat' dir='ltr'>amnes,</span> <span class='ocrx_word' id='word_1_47' title='bbox 1858 470 1926 525; x_wconf 79' lang='lat' dir='ltr'>ittae</span> 
     </span>
     <span class='ocr_line' id='line_1_4' title="bbox 286 561 1928 654; baseline -0.018 -11"><span class='ocrx_word' id='word_1_48' title='bbox 286 585 413 643; x_wconf 75' lang='lat' dir='ltr'>animulis</span> <span class='ocrx_word' id='word_1_49' title='bbox 424 593 487 642; x_wconf 83' lang='lat' dir='ltr'>sont</span> <span class='ocrx_word' id='word_1_50' title='bbox 507 585 674 649; x_wconf 84' lang='lat' dir='ltr'>etseniores‚</span> <span class='ocrx_word' id='word_1_51' title='bbox 689 581 823 654; x_wconf 81' lang='lat' dir='ltr'>quomodo</span> <span class='ocrx_word' id='word_1_52' title='bbox 837 580 988 635; x_wconf 89' lang='lat' dir='ltr'>incircuitu</span> <span class='ocrx_word' id='word_1_53' title='bbox 1000 575 1072 644; x_wconf 82' lang='lat' dir='ltr'>ejus·</span> <span class='ocrx_word' id='word_1_54' title='bbox 1122 569 1263 639; x_wconf 84' lang='lat' dir='ltr'>repetitex</span> <span class='ocrx_word' id='word_1_55' title='bbox 1275 567 1374 637; x_wconf 84' lang='lat' dir='ltr'>qrribns</span> <span class='ocrx_word' id='word_1_56' title='bbox 1386 564 1510 635; x_wconf 87' lang='lat' dir='ltr'>superius</span> <span class='ocrx_word' id='word_1_57' title='bbox 1524 571 1608 618; x_wconf 81' lang='lat' dir='ltr'>tatem</span> <span class='ocrx_word' id='word_1_58' title='bbox 1626 561 1777 615; x_wconf 73' lang='lat' dir='ltr'><strong>Ecclesiam</strong></span> <span class='ocrx_word' id='word_1_59' title='bbox 1789 568 1928 616; x_wconf 66' lang='lat' dir='ltr'>cannete</span> 
     </span>
     <span class='ocr_line' id='line_1_5' title="bbox 284 649 1925 747; baseline -0.011 -16"><span class='ocrx_word' id='word_1_60' title='bbox 284 677 347 732; x_wconf 89' lang='lat' dir='ltr'>dem</span> <span class='ocrx_word' id='word_1_61' title='bbox 361 675 490 747; x_wconf 74' lang='lat' dir='ltr'>angelus,</span> <span class='ocrx_word' id='word_1_62' title='bbox 507 675 558 731; x_wconf 92' lang='lat' dir='ltr'>nisi</span> <span class='ocrx_word' id='word_1_63' title='bbox 575 676 639 744; x_wconf 84' lang='lat' dir='ltr'>quia</span> <span class='ocrx_word' id='word_1_64' title='bbox 652 674 746 730; x_wconf 81' lang='lat' dir='ltr'>eadem</span> <span class='ocrx_word' id='word_1_65' title='bbox 761 672 889 727; x_wconf 85' lang='lat' dir='ltr'>animalia</span> <span class='ocrx_word' id='word_1_66' title='bbox 909 677 936 724; x_wconf 90' lang='lat' dir='ltr'>et</span> <span class='ocrx_word' id='word_1_67' title='bbox 953 669 1074 723; x_wconf 79' lang='lat' dir='ltr'>seniores</span> <span class='ocrx_word' id='word_1_68' title='bbox 1122 660 1205 724; x_wconf 67' lang='lat' dir='ltr'>dixin</span> <span class='ocrx_word' id='word_1_69' title='bbox 1222 659 1248 713; x_wconf 82' lang='lat' dir='ltr'>id</span> <span class='ocrx_word' id='word_1_70' title='bbox 1263 665 1305 711; x_wconf 76' lang='lat' dir='ltr'>esi</span> <span class='ocrx_word' id='word_1_71' title='bbox 1315 655 1452 717; x_wconf 61' lang='lat' dir='ltr'>animilia·</span> <span class='ocrx_word' id='word_1_72' title='bbox 1464 662 1491 708; x_wconf 72' lang='grc' dir='ltr'>θῑ</span> <span class='ocrx_word' id='word_1_73' title='bbox 1507 652 1640 716; x_wconf 59' lang='lat' dir='ltr'>semmei,</span> <span class='ocrx_word' id='word_1_74' title='bbox 1655 659 1683 705; x_wconf 75' lang='lat'>0¹</span> <span class='ocrx_word' id='word_1_75' title='bbox 1693 650 1815 719; x_wconf 62' lang='grc'>11180105·</span> <span class='ocrx_word' id='word_1_76' title='bbox 1830 649 1861 703; x_wconf 74' lang='lat'>¹¹¹</span> <span class='ocrx_word' id='word_1_77' title='bbox 1876 664 1925 704; x_wconf 60' lang='grc' dir='ltr'>’θ’</span> 
     </span>
     <span class='ocr_line' id='line_1_6' title="bbox 285 737 1927 837; baseline -0.013 -16"><span class='ocrx_word' id='word_1_78' title='bbox 285 766 372 837; x_wconf 77' lang='lat' dir='ltr'>angeli</span> <span class='ocrx_word' id='word_1_79' title='bbox 389 766 469 821; x_wconf 86' lang='lat' dir='ltr'>suntl</span> <span class='ocrx_word' id='word_1_80' title='bbox 492 766 530 818; x_wconf 84' lang='lat' dir='ltr'>De</span> <span class='ocrx_word' id='word_1_81' title='bbox 543 765 641 834; x_wconf 84' lang='lat' dir='ltr'>quibus</span> <span class='ocrx_word' id='word_1_82' title='bbox 654 763 773 818; x_wconf 75' lang='lat' dir='ltr'>dicitnrr</span> <span class='ocrx_word' id='word_1_83' title='bbox 791 760 881 831; x_wconf 77' lang='lat' dir='ltr'>Anpeli</span> <span class='ocrx_word' id='word_1_84' title='bbox 896 760 968 833; x_wconf 81' lang='lat' dir='ltr'>pecie</span> <span class='ocrx_word' id='word_1_85' title='bbox 985 771 1074 811; x_wconf 85' lang='lat' dir='ltr'>amare</span> <span class='ocrx_word' id='word_1_86' title='bbox 1123 748 1203 802; x_wconf 89' lang='lat' dir='ltr'>dente</span> <span class='ocrx_word' id='word_1_87' title='bbox 1217 759 1282 799; x_wconf 82' lang='lat' dir='ltr'>vero</span> <span class='ocrx_word' id='word_1_88' title='bbox 1296 742 1421 813; x_wconf 78' lang='lat' dir='ltr'>etbgno‚</span> <span class='ocrx_word' id='word_1_89' title='bbox 1436 741 1520 794; x_wconf 77' lang='lat' dir='ltr'>idest</span> <span class='ocrx_word' id='word_1_90' title='bbox 1538 739 1567 794; x_wconf 86' lang='lat' dir='ltr'>in</span> <span class='ocrx_word' id='word_1_91' title='bbox 1581 737 1663 792; x_wconf 70' lang='lat' dir='ltr'>Patre</span> <span class='ocrx_word' id='word_1_92' title='bbox 1681 751 1709 792; x_wconf 72' lang='lat'>01</span> <span class='ocrx_word' id='word_1_93' title='bbox 1720 738 1799 801; x_wconf 70' lang='lat' dir='ltr'>Filio,</span> <span class='ocrx_word' id='word_1_94' title='bbox 1823 752 1927 792; x_wconf 65' lang='lat'>⁸00⁸}-</span> 
     </span>
     <span class='ocr_line' id='line_1_7' title="bbox 285 826 1924 927; baseline -0.018 -19"><span class='ocrx_word' id='word_1_95' title='bbox 285 855 382 926; x_wconf 74' lang='lat' dir='ltr'>{teburu</span> <span class='ocrx_word' id='word_1_96' title='bbox 398 853 466 927; x_wconf 79' lang='lat' dir='ltr'>(leo.</span> <span class='ocrx_word' id='word_1_97' title='bbox 478 869 576 919; x_wconf 77' lang='lat' dir='ltr'>xxxiii,</span> <span class='ocrx_word' id='word_1_98' title='bbox 591 854 628 924; x_wconf 81' lang='lat' dir='ltr'>l).</span> <span class='ocrx_word' id='word_1_99' title='bbox 652 852 726 907; x_wconf 83' lang='lat' dir='ltr'><strong>Licet</strong></span> <span class='ocrx_word' id='word_1_100' title='bbox 736 850 853 907; x_wconf 84' lang='lat' dir='ltr'>coelestis</span> <span class='ocrx_word' id='word_1_101' title='bbox 863 863 970 919; x_wconf 71' lang='lat' dir='ltr'>(proque</span> <span class='ocrx_word' id='word_1_102' title='bbox 979 844 1075 901; x_wconf 84' lang='lat' dir='ltr'>militia</span> <span class='ocrx_word' id='word_1_103' title='bbox 1123 836 1186 889; x_wconf 83' lang='lat' dir='ltr'>dunt</span> <span class='ocrx_word' id='word_1_104' title='bbox 1198 833 1254 903; x_wconf 82' lang='lat' dir='ltr'>jum</span> <span class='ocrx_word' id='word_1_105' title='bbox 1266 834 1364 889; x_wconf 85' lang='lat' dir='ltr'>dictem</span> <span class='ocrx_word' id='word_1_106' title='bbox 1378 829 1514 902; x_wconf 76' lang='lat' dir='ltr'>regulum,</span> <span class='ocrx_word' id='word_1_107' title='bbox 1527 829 1609 884; x_wconf 82' lang='lat' dir='ltr'>etiem</span> <span class='ocrx_word' id='word_1_108' title='bbox 1623 826 1742 897; x_wconf 88' lang='lat' dir='ltr'>Spiritus</span> <span class='ocrx_word' id='word_1_109' title='bbox 1755 836 1871 882; x_wconf 74' lang='lat' dir='ltr'>saneim</span> <span class='ocrx_word' id='word_1_110' title='bbox 1883 829 1924 881; x_wconf 77' lang='lat' dir='ltr'>ia·</span> 
     </span>
     <span class='ocr_line' id='line_1_8' title="bbox 286 915 1924 1017; baseline -0.019 -16"><span class='ocrx_word' id='word_1_111' title='bbox 286 945 441 1017; x_wconf 74' lang='lat' dir='ltr'>augelorum</span> <span class='ocrx_word' id='word_1_112' title='bbox 452 945 560 1001; x_wconf 90' lang='lat' dir='ltr'>nomine</span> <span class='ocrx_word' id='word_1_113' title='bbox 569 944 654 1014; x_wconf 85' lang='lat' dir='ltr'>possit</span> <span class='ocrx_word' id='word_1_114' title='bbox 663 943 791 1012; x_wconf 75' lang='lat' dir='ltr'>intelligi3</span> <span class='ocrx_word' id='word_1_115' title='bbox 804 942 860 996; x_wconf 84' lang='lat' dir='ltr'>sive</span> <span class='ocrx_word' id='word_1_116' title='bbox 873 950 962 994; x_wconf 82' lang='lat' dir='ltr'>tamen</span> <span class='ocrx_word' id='word_1_117' title='bbox 974 935 1007 992; x_wconf 89' lang='lat' dir='ltr'>de</span> <span class='ocrx_word' id='word_1_118' title='bbox 1020 936 1075 998; x_wconf 80' lang='lat' dir='ltr'>his,</span> <span class='ocrx_word' id='word_1_119' title='bbox 1124 926 1262 995; x_wconf 78' lang='lat' dir='ltr'>telligitur.</span> <span class='ocrx_word' id='word_1_120' title='bbox 1278 922 1311 976; x_wconf 82' lang='lat' dir='ltr'>iit</span> <span class='ocrx_word' id='word_1_121' title='bbox 1323 929 1437 993; x_wconf 75' lang='lat' dir='ltr'>quatuor</span> <span class='ocrx_word' id='word_1_122' title='bbox 1447 918 1574 973; x_wconf 85' lang='lat' dir='ltr'>animalia</span> <span class='ocrx_word' id='word_1_123' title='bbox 1589 918 1702 973; x_wconf 85' lang='lat' dir='ltr'>dieunt:</span> <span class='ocrx_word' id='word_1_124' title='bbox 1717 916 1811 972; x_wconf 78' lang='lat' dir='ltr'>Amen.</span> <span class='ocrx_word' id='word_1_125' title='bbox 1825 915 1863 970; x_wconf 79' lang='lat' dir='ltr'>Et</span> <span class='ocrx_word' id='word_1_126' title='bbox 1882 919 1924 971; x_wconf 81' lang='lat' dir='ltr'>ei·</span> 
     </span>
     <span class='ocr_line' id='line_1_9' title="bbox 287 1008 1926 1090; baseline -0.012 0"><span class='ocrx_word' id='word_1_127' title='bbox 287 1035 344 1090; x_wconf 87' lang='lat' dir='ltr'>sive</span> <span class='ocrx_word' id='word_1_128' title='bbox 356 1033 391 1089; x_wconf 87' lang='lat' dir='ltr'>de</span> <span class='ocrx_word' id='word_1_129' title='bbox 403 1033 457 1090; x_wconf 88' lang='lat' dir='ltr'>illis</span> <span class='ocrx_word' id='word_1_130' title='bbox 469 1033 674 1088; x_wconf 83' lang='lat' dir='ltr'>innumerabilis</span> <span class='ocrx_word' id='word_1_131' title='bbox 689 1031 840 1087; x_wconf 78' lang='lat' dir='ltr'>ostenditur</span> <span class='ocrx_word' id='word_1_132' title='bbox 859 1029 1000 1084; x_wconf 87' lang='lat' dir='ltr'>multitudo</span> <span class='ocrx_word' id='word_1_133' title='bbox 1014 1042 1075 1082; x_wconf 90' lang='lat' dir='ltr'>eum</span> <span class='ocrx_word' id='word_1_134' title='bbox 1125 1015 1190 1085; x_wconf 67' lang='lat' dir='ltr'>binii</span> <span class='ocrx_word' id='word_1_135' title='bbox 1214 1022 1327 1085; x_wconf 65' lang='lat' dir='ltr'>utamur</span> <span class='ocrx_word' id='word_1_136' title='bbox 1355 1011 1471 1066; x_wconf 61' lang='lat' dir='ltr'>mimi</span> <span class='ocrx_word' id='word_1_137' title='bbox 1494 1008 1663 1073; x_wconf 58' lang='lat' dir='ltr'>cedimis</span> <span class='ocrx_word' id='word_1_138' title='bbox 1691 1017 1716 1061; x_wconf 56' lang='grc' dir='ltr'><strong>τι</strong></span> <span class='ocrx_word' id='word_1_139' title='bbox 1742 1008 1926 1063; x_wconf 63' lang='lat' dir='ltr'>‘imm</span> 
     </span>
     <span class='ocr_line' id='line_1_10' title="bbox 287 1097 1925 1179; baseline -0.01 -1"><span class='ocrx_word' id='word_1_140' title='bbox 287 1117 412 1179; x_wconf 67' lang='lat' dir='ltr'>subditur</span> <span class='ocrx_word' id='word_1_141' title='bbox 432 1139 440 1176; x_wconf 80' lang='grc' dir='ltr'><em>τ</em></span> <span class='ocrx_word' id='word_1_142' title='bbox 461 1121 496 1176; x_wconf 81' lang='lat' dir='ltr'>m</span> <span class='ocrx_word' id='word_1_143' title='bbox 515 1131 570 1176; x_wconf 81' lang='lat' dir='ltr'>eret</span> <span class='ocrx_word' id='word_1_144' title='bbox 594 1138 717 1175; x_wconf 85' lang='lat' dir='ltr'>numeros</span> <span class='ocrx_word' id='word_1_145' title='bbox 739 1137 829 1175; x_wconf 85' lang='lat' dir='ltr'>corum</span> <span class='ocrx_word' id='word_1_146' title='bbox 847 1118 930 1172; x_wconf 87' lang='lat' dir='ltr'>miliia</span> <span class='ocrx_word' id='word_1_147' title='bbox 953 1115 1076 1179; x_wconf 78' lang='lat' dir='ltr'>millium,</span> <span class='ocrx_word' id='word_1_148' title='bbox 1126 1106 1249 1158; x_wconf 64' lang='lat' dir='ltr'>tibenlem</span> <span class='ocrx_word' id='word_1_149' title='bbox 1262 1104 1289 1157; x_wconf 64' lang='lat'>²⁴1¹</span> <span class='ocrx_word' id='word_1_150' title='bbox 1303 1099 1400 1156; x_wconf 60' lang='lat' dir='ltr'>millia</span> <span class='ocrx_word' id='word_1_151' title='bbox 1414 1098 1581 1154; x_wconf 48' lang='lat' dir='ltr'>“Bilbilim-</span> <span class='ocrx_word' id='word_1_152' title='bbox 1597 1097 1665 1164; x_wconf 81' lang='lat' dir='ltr'>Quia</span> <span class='ocrx_word' id='word_1_153' title='bbox 1684 1097 1814 1152; x_wconf 57' lang='lat' dir='ltr'>&amp;sslffitlh</span> <span class='ocrx_word' id='word_1_154' title='bbox 1832 1106 1861 1152; x_wconf 68' lang='lat'>0⁸</span> <span class='ocrx_word' id='word_1_155' title='bbox 1878 1112 1925 1151; x_wconf 63' lang='grc' dir='ltr'>ὃθ-</span> 
     </span>
    </p>
   </div>
   <div class='ocr_carea' id='block_1_3' title="bbox 288 1188 1927 1817">
    <p class='ocr_par' dir='ltr' id='par_1_3' title="bbox 288 1188 1927 1817">
     <span class='ocr_line' id='line_1_11' title="bbox 288 1188 1924 1282; baseline -0.01 -16"><span class='ocrx_word' id='word_1_156' title='bbox 288 1210 382 1282; x_wconf 75' lang='lat' dir='ltr'>(iens.</span> <span class='ocrx_word' id='word_1_157' title='bbox 397 1208 441 1281; x_wconf 73' lang='lat' dir='ltr'>te)</span> <span class='ocrx_word' id='word_1_158' title='bbox 458 1210 599 1265; x_wconf 71' lang='lat' dir='ltr'><strong><em>dicentium</em></strong></span> <span class='ocrx_word' id='word_1_159' title='bbox 613 1226 673 1264; x_wconf 87' lang='lat' dir='ltr'>uoce</span> <span class='ocrx_word' id='word_1_160' title='bbox 687 1225 782 1279; x_wconf 79' lang='lat' dir='ltr'>mupno</span> <span class='ocrx_word' id='word_1_161' title='bbox 797 1224 806 1262; x_wconf 90' lang='grc'>.·</span> <span class='ocrx_word' id='word_1_162' title='bbox 821 1207 923 1277; x_wconf 69' lang='lat' dir='ltr'>Diebus</span> <span class='ocrx_word' id='word_1_163' title='bbox 939 1206 1077 1274; x_wconf 80' lang='lat' dir='ltr'>estdpuus</span> <span class='ocrx_word' id='word_1_164' title='bbox 1127 1196 1216 1249; x_wconf 59' lang='lat' dir='ltr'>¹¹50?OE</span> <span class='ocrx_word' id='word_1_165' title='bbox 1235 1209 1316 1248; x_wconf 87' lang='lat' dir='ltr'>unum</span> <span class='ocrx_word' id='word_1_166' title='bbox 1329 1202 1410 1256; x_wconf 83' lang='lat' dir='ltr'>sunt,</span> <span class='ocrx_word' id='word_1_167' title='bbox 1426 1191 1452 1245; x_wconf 72' lang='lat' dir='ltr'>ld</span> <span class='ocrx_word' id='word_1_168' title='bbox 1464 1199 1507 1245; x_wconf 65' lang='lat'>8⁸1</span> <span class='ocrx_word' id='word_1_169' title='bbox 1524 1204 1578 1243; x_wconf 56' lang='lat'>11¹¹*</span> <span class='ocrx_word' id='word_1_170' title='bbox 1593 1188 1729 1250; x_wconf 64' lang='lat' dir='ltr'>Ecclesia,</span> <span class='ocrx_word' id='word_1_171' title='bbox 1746 1204 1810 1243; x_wconf 74' lang='lat'>0⁰⁰1</span> <span class='ocrx_word' id='word_1_172' title='bbox 1829 1189 1924 1244; x_wconf 62' lang='lat' dir='ltr'>mlio-</span> 
     </span>
     <span class='ocr_line' id='line_1_12' title="bbox 288 1277 1924 1370; baseline -0.015 -17"><span class='ocrx_word' id='word_1_173' title='bbox 288 1299 333 1370; x_wconf 84' lang='lat' dir='ltr'>qui</span> <span class='ocrx_word' id='word_1_174' title='bbox 347 1299 447 1353; x_wconf 68' lang='lat' dir='ltr'>cedrus</span> <span class='ocrx_word' id='word_1_175' title='bbox 459 1307 497 1353; x_wconf 85' lang='lat' dir='ltr'>est</span> <span class='ocrx_word' id='word_1_176' title='bbox 508 1299 624 1368; x_wconf 87' lang='lat' dir='ltr'>accipere</span> <span class='ocrx_word' id='word_1_177' title='bbox 636 1298 766 1361; x_wconf 86' lang='lat' dir='ltr'>uirtutem,</span> <span class='ocrx_word' id='word_1_178' title='bbox 779 1303 803 1349; x_wconf 83' lang='lat' dir='ltr'>et</span> <span class='ocrx_word' id='word_1_179' title='bbox 815 1295 985 1357; x_wconf 86' lang='lat' dir='ltr'>diuinitatem,</span> <span class='ocrx_word' id='word_1_180' title='bbox 1001 1302 1025 1346; x_wconf 85' lang='lat' dir='ltr'>et</span> <span class='ocrx_word' id='word_1_181' title='bbox 1036 1310 1078 1345; x_wconf 79' lang='lat' dir='ltr'>su·</span> <span class='ocrx_word' id='word_1_182' title='bbox 1129 1287 1202 1341; x_wconf 88' lang='lat' dir='ltr'>ribus</span> <span class='ocrx_word' id='word_1_183' title='bbox 1225 1282 1350 1338; x_wconf 81' lang='lat' dir='ltr'>animalia</span> <span class='ocrx_word' id='word_1_184' title='bbox 1365 1283 1465 1337; x_wconf 86' lang='lat' dir='ltr'>cedunt</span> <span class='ocrx_word' id='word_1_185' title='bbox 1481 1288 1509 1335; x_wconf 90' lang='lat' dir='ltr'>et</span> <span class='ocrx_word' id='word_1_186' title='bbox 1532 1280 1665 1343; x_wconf 74' lang='lat' dir='ltr'>odorant,</span> <span class='ocrx_word' id='word_1_187' title='bbox 1682 1288 1710 1333; x_wconf 86' lang='lat' dir='ltr'>et</span> <span class='ocrx_word' id='word_1_188' title='bbox 1729 1279 1803 1347; x_wconf 84' lang='lat' dir='ltr'>ipsus</span> <span class='ocrx_word' id='word_1_189' title='bbox 1828 1277 1924 1330; x_wconf 58' lang='lat' dir='ltr'>lam</span> 
     </span>
     <span class='ocr_line' id='line_1_13' title="bbox 288 1374 1923 1459; baseline -0.012 -16"><span class='ocrx_word' id='word_1_190' title='bbox 288 1388 452 1459; x_wconf 71' lang='lat' dir='ltr'>pientiamet</span> <span class='ocrx_word' id='word_1_191' title='bbox 465 1387 658 1458; x_wconf 73' lang='lat' dir='ltr'>fortitudinem,</span> <span class='ocrx_word' id='word_1_192' title='bbox 668 1383 1028 1454; x_wconf 80' lang='lat' dir='ltr'>etbonorem‚etplarionr‚et</span> <span class='ocrx_word' id='word_1_193' title='bbox 1040 1381 1080 1435; x_wconf 88' lang='lat' dir='ltr'>bc·</span> <span class='ocrx_word' id='word_1_194' title='bbox 1128 1378 1248 1434; x_wconf 79' lang='lat' dir='ltr'>seniores</span> <span class='ocrx_word' id='word_1_195' title='bbox 1268 1391 1330 1429; x_wconf 86' lang='lat' dir='ltr'>curn</span> <span class='ocrx_word' id='word_1_196' title='bbox 1346 1374 1506 1428; x_wconf 80' lang='lat' dir='ltr'><strong>animalibus</strong></span> <span class='ocrx_word' id='word_1_197' title='bbox 1522 1387 1600 1427; x_wconf 80' lang='lat' dir='ltr'>verus</span> <span class='ocrx_word' id='word_1_198' title='bbox 1613 1386 1673 1427; x_wconf 86' lang='lat' dir='ltr'>esse</span> <span class='ocrx_word' id='word_1_199' title='bbox 1694 1378 1840 1432; x_wconf 80' lang='lat' dir='ltr'>asserant.</span> <span class='ocrx_word' id='word_1_200' title='bbox 1864 1384 1923 1424; x_wconf 86' lang='lat' dir='ltr'>ser·</span> 
     </span>
     <span class='ocr_line' id='line_1_14' title="bbox 289 1458 1924 1547; baseline -0.012 -15"><span class='ocrx_word' id='word_1_201' title='bbox 289 1476 470 1540; x_wconf 75' lang='lat' dir='ltr'>sedictionem,</span> <span class='ocrx_word' id='word_1_202' title='bbox 483 1476 576 1547; x_wconf 81' lang='lat' dir='ltr'>(Vens.</span> <span class='ocrx_word' id='word_1_203' title='bbox 593 1475 637 1544; x_wconf 78' lang='lat' dir='ltr'>lb)</span> <span class='ocrx_word' id='word_1_204' title='bbox 650 1483 674 1528; x_wconf 85' lang='lat' dir='ltr'>et</span> <span class='ocrx_word' id='word_1_205' title='bbox 687 1491 789 1530; x_wconf 81' lang='lat' dir='ltr'>amnem</span> <span class='ocrx_word' id='word_1_206' title='bbox 801 1483 960 1536; x_wconf 80' lang='lat' dir='ltr'>creaturam,</span> <span class='ocrx_word' id='word_1_207' title='bbox 973 1487 1033 1542; x_wconf 82' lang='lat' dir='ltr'>qna</span> <span class='ocrx_word' id='word_1_208' title='bbox 1052 1471 1080 1524; x_wconf 87' lang='lat' dir='ltr'>iu</span> <span class='ocrx_word' id='word_1_209' title='bbox 1129 1483 1207 1523; x_wconf 86' lang='lat' dir='ltr'>mone</span> <span class='ocrx_word' id='word_1_210' title='bbox 1240 1464 1452 1521; x_wconf 81' lang='lat' dir='ltr'>confirmationis</span> <span class='ocrx_word' id='word_1_211' title='bbox 1479 1462 1688 1531; x_wconf 84' lang='lat' dir='ltr'>respondentes,</span> <span class='ocrx_word' id='word_1_212' title='bbox 1712 1475 1805 1515; x_wconf 83' lang='lat' dir='ltr'>amen.</span> <span class='ocrx_word' id='word_1_213' title='bbox 1835 1458 1924 1514; x_wconf 75' lang='lat' dir='ltr'>Casus</span> 
     </span>
     <span class='ocr_line' id='line_1_15' title="bbox 289 1548 1927 1636; baseline -0.012 -15"><span class='ocrx_word' id='word_1_214' title='bbox 289 1567 353 1622; x_wconf 81' lang='lat' dir='ltr'>curlo</span> <span class='ocrx_word' id='word_1_215' title='bbox 373 1577 423 1633; x_wconf 83' lang='lat' dir='ltr'>cst,</span> <span class='ocrx_word' id='word_1_216' title='bbox 439 1576 463 1622; x_wconf 85' lang='lat' dir='ltr'>et</span> <span class='ocrx_word' id='word_1_217' title='bbox 484 1583 562 1636; x_wconf 83' lang='lat' dir='ltr'>super</span> <span class='ocrx_word' id='word_1_218' title='bbox 575 1576 683 1630; x_wconf 81' lang='lat' dir='ltr'>terrain,</span> <span class='ocrx_word' id='word_1_219' title='bbox 700 1575 724 1618; x_wconf 87' lang='lat' dir='ltr'>et</span> <span class='ocrx_word' id='word_1_220' title='bbox 747 1564 891 1627; x_wconf 80' lang='lat' dir='ltr'>subterra,</span> <span class='ocrx_word' id='word_1_221' title='bbox 915 1571 938 1617; x_wconf 86' lang='lat' dir='ltr'>et</span> <span class='ocrx_word' id='word_1_222' title='bbox 958 1561 1036 1626; x_wconf 69' lang='lat' dir='ltr'>ruam,</span> <span class='ocrx_word' id='word_1_223' title='bbox 1056 1570 1080 1614; x_wconf 86' lang='lat' dir='ltr'>et</span> <span class='ocrx_word' id='word_1_224' title='bbox 1129 1568 1219 1611; x_wconf 86' lang='lat' dir='ltr'>nutem</span> <span class='ocrx_word' id='word_1_225' title='bbox 1233 1563 1261 1609; x_wconf 85' lang='lat' dir='ltr'>et</span> <span class='ocrx_word' id='word_1_226' title='bbox 1279 1554 1409 1632; x_wconf 68' lang='lat' dir='ltr'>adoratio.</span> <span class='ocrx_word' id='word_1_227' title='bbox 1433 1561 1462 1607; x_wconf 92' lang='lat' dir='ltr'>ut</span> <span class='ocrx_word' id='word_1_228' title='bbox 1473 1551 1527 1620; x_wconf 81' lang='lat' dir='ltr'>jem</span> <span class='ocrx_word' id='word_1_229' title='bbox 1541 1551 1643 1606; x_wconf 86' lang='lat' dir='ltr'>dictum</span> <span class='ocrx_word' id='word_1_230' title='bbox 1656 1558 1707 1614; x_wconf 83' lang='lat' dir='ltr'>cst.</span> <span class='ocrx_word' id='word_1_231' title='bbox 1729 1548 1868 1620; x_wconf 79' lang='lat' dir='ltr'>spiritalis</span> <span class='ocrx_word' id='word_1_232' title='bbox 1881 1563 1927 1603; x_wconf 76' lang='lat' dir='ltr'>sc·</span> 
     </span>
     <span class='ocr_line' id='line_1_16' title="bbox 288 1639 1926 1727; baseline -0.009 -19"><span class='ocrx_word' id='word_1_233' title='bbox 288 1672 347 1727; x_wconf 71' lang='lat' dir='ltr'>aare</span> <span class='ocrx_word' id='word_1_234' title='bbox 368 1655 396 1710; x_wconf 92' lang='lat' dir='ltr'>in</span> <span class='ocrx_word' id='word_1_235' title='bbox 411 1672 443 1711; x_wconf 87' lang='lat' dir='ltr'>eo</span> <span class='ocrx_word' id='word_1_236' title='bbox 457 1664 529 1710; x_wconf 88' lang='lat' dir='ltr'>sont.</span> <span class='ocrx_word' id='word_1_237' title='bbox 550 1655 632 1718; x_wconf 84' lang='lat' dir='ltr'>blare,</span> <span class='ocrx_word' id='word_1_238' title='bbox 655 1663 682 1710; x_wconf 89' lang='lat' dir='ltr'>ct</span> <span class='ocrx_word' id='word_1_239' title='bbox 702 1670 761 1724; x_wconf 82' lang='lat' dir='ltr'>quum</span> <span class='ocrx_word' id='word_1_240' title='bbox 780 1655 806 1708; x_wconf 93' lang='lat' dir='ltr'>in</span> <span class='ocrx_word' id='word_1_241' title='bbox 823 1668 856 1710; x_wconf 91' lang='lat' dir='ltr'>eo</span> <span class='ocrx_word' id='word_1_242' title='bbox 872 1659 946 1714; x_wconf 79' lang='lat' dir='ltr'>sunt.</span> <span class='ocrx_word' id='word_1_243' title='bbox 961 1667 1081 1721; x_wconf 77' lang='lat' dir='ltr'>presens</span> <span class='ocrx_word' id='word_1_244' title='bbox 1130 1650 1183 1718; x_wconf 90' lang='lat' dir='ltr'>eipi</span> <span class='ocrx_word' id='word_1_245' title='bbox 1203 1648 1291 1703; x_wconf 90' lang='lat' dir='ltr'>debet.</span> <span class='ocrx_word' id='word_1_246' title='bbox 1312 1645 1351 1701; x_wconf 87' lang='lat' dir='ltr'>Ne</span> <span class='ocrx_word' id='word_1_247' title='bbox 1364 1645 1455 1714; x_wconf 81' lang='lat' dir='ltr'>itaque</span> <span class='ocrx_word' id='word_1_248' title='bbox 1474 1644 1553 1713; x_wconf 77' lang='lat' dir='ltr'>longo</span> <span class='ocrx_word' id='word_1_249' title='bbox 1567 1657 1711 1713; x_wconf 78' lang='lat' dir='ltr'>progressu</span> <span class='ocrx_word' id='word_1_250' title='bbox 1727 1642 1801 1696; x_wconf 76' lang='lat' dir='ltr'>altre</span> <span class='ocrx_word' id='word_1_251' title='bbox 1816 1639 1926 1695; x_wconf 72' lang='lat' dir='ltr'>modim</span> 
     </span>
     <span class='ocr_line' id='line_1_17' title="bbox 291 1732 1782 1817; baseline -0.011 -16"><span class='ocrx_word' id='word_1_252' title='bbox 291 1746 419 1801; x_wconf 83' lang='lat' dir='ltr'>seculum</span> <span class='ocrx_word' id='word_1_253' title='bbox 434 1746 565 1817; x_wconf 71' lang='lat' dir='ltr'>dmignm.</span> <span class='ocrx_word' id='word_1_254' title='bbox 591 1744 687 1801; x_wconf 76' lang='lat' dir='ltr'>Omnes</span> <span class='ocrx_word' id='word_1_255' title='bbox 702 1744 791 1799; x_wconf 84' lang='lat' dir='ltr'>audiui</span> <span class='ocrx_word' id='word_1_256' title='bbox 814 1745 926 1798; x_wconf 82' lang='lat' dir='ltr'>diceutes</span> <span class='ocrx_word' id='word_1_257' title='bbox 943 1757 951 1795; x_wconf 86' lang='lat'><em>:</em></span> <span class='ocrx_word' id='word_1_258' title='bbox 974 1741 1081 1797; x_wconf 82' lang='lat' dir='ltr'>Sedenti</span> <span class='ocrx_word' id='word_1_259' title='bbox 1098 1737 1119 1792; x_wconf 83' lang='lat' dir='ltr'>B</span> <span class='ocrx_word' id='word_1_260' title='bbox 1133 1740 1274 1801; x_wconf 77' lang='lat' dir='ltr'>lassemur,</span> <span class='ocrx_word' id='word_1_261' title='bbox 1286 1738 1358 1791; x_wconf 85' lang='lat' dir='ltr'>bunc</span> <span class='ocrx_word' id='word_1_262' title='bbox 1372 1735 1470 1789; x_wconf 89' lang='lat' dir='ltr'>librum</span> <span class='ocrx_word' id='word_1_263' title='bbox 1482 1734 1535 1789; x_wconf 90' lang='lat' dir='ltr'>isto</span> <span class='ocrx_word' id='word_1_264' title='bbox 1549 1732 1602 1788; x_wconf 86' lang='lat' dir='ltr'>dne</span> <span class='ocrx_word' id='word_1_265' title='bbox 1613 1732 1782 1789; x_wconf 82' lang='lat' dir='ltr'>claudamus.</span> 
     </span>
    </p>
   </div>
   <div class='ocr_carea' id='block_1_4' title="bbox 238 1856 1924 1890">
    <p class='ocr_par' dir='ltr' id='par_1_4' title="bbox 238 1856 1924 1890">
     <span class='ocr_line' id='line_1_18' title="bbox 238 1856 1924 1890; baseline -0.011 0"><span class='ocrx_word' id='word_1_266' title='bbox 238 1886 240 1890; x_wconf 74' lang='grc'>,</span> <span class='ocrx_word' id='word_1_267' title='bbox 303 1856 1924 1887; x_wconf 62' lang='grc' dir='ltr'><em>...,..,.....-.................-.......-----------ε</em></span> 
     </span>
    </p>
   </div>
   <div class='ocr_carea' id='block_1_5' title="bbox 885 1946 1310 2080">
    <p class='ocr_par' dir='ltr' id='par_1_5' title="bbox 885 1946 1310 2080">
     <span class='ocr_line' id='line_1_19' title="bbox 885 1946 1310 2080; baseline -0.009 -52"><span class='ocrx_word' id='word_1_268' title='bbox 885 1946 1310 2080; x_wconf 65' lang='lat' dir='ltr'>LIBQTUS</span> 
     </span>
    </p>
   </div>
   <div class='ocr_carea' id='block_1_6' title="bbox 295 2122 1944 5630">
    <p class='ocr_par' dir='ltr' id='par_1_6' title="bbox 603 2122 1928 2284">
     <span class='ocr_line' id='line_1_20' title="bbox 603 2122 1928 2228; baseline -0.002 -47"><span class='ocrx_word' id='word_1_269' title='bbox 603 2169 717 2227; x_wconf 63' lang='lat' dir='ltr'><strong>CAPUT</strong></span> <span class='ocrx_word' id='word_1_270' title='bbox 737 2170 770 2228; x_wconf 61' lang='lat' dir='ltr'>vl</span> <span class='ocrx_word' id='word_1_271' title='bbox 1135 2138 1214 2181; x_wconf 86' lang='lat' dir='ltr'>terra.</span> <span class='ocrx_word' id='word_1_272' title='bbox 1230 2126 1320 2196; x_wconf 84' lang='lat' dir='ltr'><strong>Equus</strong></span> <span class='ocrx_word' id='word_1_273' title='bbox 1334 2123 1408 2177; x_wconf 90' lang='lat' dir='ltr'>rulus</span> <span class='ocrx_word' id='word_1_274' title='bbox 1421 2122 1524 2191; x_wconf 82' lang='lat' dir='ltr'>antiqui</span> <span class='ocrx_word' id='word_1_275' title='bbox 1537 2122 1624 2177; x_wconf 88' lang='lat' dir='ltr'>bostis</span> <span class='ocrx_word' id='word_1_276' title='bbox 1637 2130 1679 2176; x_wconf 92' lang='lat' dir='ltr'>est</span> <span class='ocrx_word' id='word_1_277' title='bbox 1692 2137 1814 2192; x_wconf 87' lang='lat' dir='ltr'>corpus;</span> <span class='ocrx_word' id='word_1_278' title='bbox 1835 2136 1928 2178; x_wconf 79' lang='lat' dir='ltr'>ornnes</span> 
     </span>
     <span class='ocr_line' id='line_1_21' title="bbox 774 2208 1927 2284; baseline -0.005 -12"><span class='ocrx_word' id='word_1_279' title='bbox 774 2210 781 2224; x_wconf 88' lang='grc'><strong>“</strong></span> <span class='ocrx_word' id='word_1_280' title='bbox 1134 2215 1237 2270; x_wconf 87' lang='lat' dir='ltr'>scilicet</span> <span class='ocrx_word' id='word_1_281' title='bbox 1257 2212 1364 2284; x_wconf 81' lang='lat' dir='ltr'>reprobi</span> <span class='ocrx_word' id='word_1_282' title='bbox 1384 2212 1535 2267; x_wconf 81' lang='lat' dir='ltr'>animarum</span> <span class='ocrx_word' id='word_1_283' title='bbox 1560 2208 1748 2266; x_wconf 82' lang='lat' dir='ltr'>interlectione</span> <span class='ocrx_word' id='word_1_284' title='bbox 1772 2212 1927 2282; x_wconf 79' lang='lat' dir='ltr'>sanguinei.</span> 
     </span>
    </p>

    <p class='ocr_par' dir='ltr' id='par_1_7' title="bbox 295 2295 1944 5630">
     <span class='ocr_line' id='line_1_22' title="bbox 330 2295 1928 2374; baseline -0.006 -10"><span class='ocrx_word' id='word_1_285' title='bbox 330 2311 411 2363; x_wconf 76' lang='lat' dir='ltr'>iens.</span> <span class='ocrx_word' id='word_1_286' title='bbox 426 2306 452 2359; x_wconf 88' lang='lat' dir='ltr'>l.</span> <span class='ocrx_word' id='word_1_287' title='bbox 476 2334 510 2345; x_wconf 90' lang='lat'>-</span> <span class='ocrx_word' id='word_1_288' title='bbox 533 2301 567 2356; x_wconf 81' lang='grc' dir='ltr'>ιιι</span> <span class='ocrx_word' id='word_1_289' title='bbox 591 2318 653 2358; x_wconf 86' lang='lat' dir='ltr'>eum</span> <span class='ocrx_word' id='word_1_290' title='bbox 679 2304 823 2374; x_wconf 77' lang='lat' dir='ltr'>operuisset</span> <span class='ocrx_word' id='word_1_291' title='bbox 845 2303 1033 2373; x_wconf 72' lang='lat' dir='ltr'>emmenum</span> <span class='ocrx_word' id='word_1_292' title='bbox 1053 2320 1085 2356; x_wconf 81' lang='lat' dir='ltr'>ec</span> <span class='ocrx_word' id='word_1_293' title='bbox 1135 2304 1168 2358; x_wconf 87' lang='lat' dir='ltr'>Et</span> <span class='ocrx_word' id='word_1_294' title='bbox 1183 2304 1291 2372; x_wconf 86' lang='lat' dir='ltr'>quidem</span> <span class='ocrx_word' id='word_1_295' title='bbox 1309 2316 1399 2357; x_wconf 83' lang='lat' dir='ltr'>sessor</span> <span class='ocrx_word' id='word_1_296' title='bbox 1411 2301 1559 2355; x_wconf 86' lang='lat' dir='ltr'>electorum</span> <span class='ocrx_word' id='word_1_297' title='bbox 1576 2300 1660 2355; x_wconf 74' lang='lat' dir='ltr'>dieit-</span> <span class='ocrx_word' id='word_1_298' title='bbox 1676 2295 1771 2354; x_wconf 81' lang='lat' dir='ltr'>Pacem</span> <span class='ocrx_word' id='word_1_299' title='bbox 1787 2317 1883 2355; x_wconf 77' lang='lat' dir='ltr'>meam</span> <span class='ocrx_word' id='word_1_300' title='bbox 1898 2305 1928 2355; x_wconf 75' lang='lat' dir='ltr'>de</span> 
     </span>
     <span class='ocr_line' id='line_1_23' title="bbox 295 2392 1931 2469; baseline -0.002 -15"><span class='ocrx_word' id='word_1_301' title='bbox 295 2407 391 2469; x_wconf 77' lang='lat' dir='ltr'>mntem</span> <span class='ocrx_word' id='word_1_302' title='bbox 411 2393 521 2467; x_wconf 78' lang='lat' dir='ltr'>sipiliie,</span> <span class='ocrx_word' id='word_1_303' title='bbox 542 2392 632 2446; x_wconf 78' lang='lat' dir='ltr'>oudini</span> <span class='ocrx_word' id='word_1_304' title='bbox 653 2409 733 2445; x_wconf 86' lang='lat' dir='ltr'>unum</span> <span class='ocrx_word' id='word_1_305' title='bbox 752 2406 785 2446; x_wconf 82' lang='lat' dir='ltr'>ex</span> <span class='ocrx_word' id='word_1_306' title='bbox 803 2402 916 2462; x_wconf 84' lang='lat' dir='ltr'>qoutuor</span> <span class='ocrx_word' id='word_1_307' title='bbox 928 2392 1085 2447; x_wconf 72' lang='lat' dir='ltr'>animalibus</span> <span class='ocrx_word' id='word_1_308' title='bbox 1135 2395 1204 2450; x_wconf 71' lang='lat' dir='ltr'>trebie</span> <span class='ocrx_word' id='word_1_309' title='bbox 1219 2394 1312 2466; x_wconf 69' lang='lat' dir='ltr'>(ioan,</span> <span class='ocrx_word' id='word_1_310' title='bbox 1327 2410 1388 2458; x_wconf 79' lang='lat' dir='ltr'>xiv,</span> <span class='ocrx_word' id='word_1_311' title='bbox 1401 2393 1468 2464; x_wconf 48' lang='lat' dir='ltr'>27ss</span> <span class='ocrx_word' id='word_1_312' title='bbox 1489 2408 1579 2448; x_wconf 83' lang='lat' dir='ltr'>sessor</span> <span class='ocrx_word' id='word_1_313' title='bbox 1591 2409 1656 2448; x_wconf 84' lang='lat' dir='ltr'>uero</span> <span class='ocrx_word' id='word_1_314' title='bbox 1677 2395 1865 2462; x_wconf 86' lang='lat' dir='ltr'>reproborum</span> <span class='ocrx_word' id='word_1_315' title='bbox 1887 2412 1931 2466; x_wconf 73' lang='lat' dir='ltr'>pe-</span> 
     </span>
     <span class='ocr_line' id='line_1_24' title="bbox 296 2480 1932 2555; baseline 0.002 -14"><span class='ocrx_word' id='word_1_316' title='bbox 296 2489 521 2554; x_wconf 74' lang='lat' dir='ltr'>discretationem</span> <span class='ocrx_word' id='word_1_317' title='bbox 536 2497 621 2536; x_wconf 87' lang='lat' dir='ltr'>uocem</span> <span class='ocrx_word' id='word_1_318' title='bbox 633 2481 742 2534; x_wconf 88' lang='lat' dir='ltr'>tonitrui</span> <span class='ocrx_word' id='word_1_319' title='bbox 757 2482 847 2551; x_wconf 74' lang='lat' dir='ltr'>magni</span> <span class='ocrx_word' id='word_1_320' title='bbox 863 2499 869 2534; x_wconf 91' lang='lat'>:</span> <span class='ocrx_word' id='word_1_321' title='bbox 889 2480 964 2546; x_wconf 80' lang='lat' dir='ltr'>Veni,</span> <span class='ocrx_word' id='word_1_322' title='bbox 978 2491 1002 2535; x_wconf 84' lang='lat' dir='ltr'>et</span> <span class='ocrx_word' id='word_1_323' title='bbox 1017 2481 1083 2535; x_wconf 79' lang='lat' dir='ltr'>uide·</span> <span class='ocrx_word' id='word_1_324' title='bbox 1136 2502 1194 2542; x_wconf 89' lang='lat' dir='ltr'>cem</span> <span class='ocrx_word' id='word_1_325' title='bbox 1209 2487 1290 2542; x_wconf 87' lang='lat' dir='ltr'>sumit</span> <span class='ocrx_word' id='word_1_326' title='bbox 1304 2486 1337 2542; x_wconf 90' lang='lat' dir='ltr'>de</span> <span class='ocrx_word' id='word_1_327' title='bbox 1354 2494 1441 2551; x_wconf 81' lang='lat' dir='ltr'>terre,</span> <span class='ocrx_word' id='word_1_328' title='bbox 1461 2486 1525 2555; x_wconf 82' lang='lat' dir='ltr'>quie</span> <span class='ocrx_word' id='word_1_329' title='bbox 1540 2484 1584 2540; x_wconf 89' lang='lat' dir='ltr'>ille</span> <span class='ocrx_word' id='word_1_330' title='bbox 1597 2488 1749 2542; x_wconf 72' lang='lat' dir='ltr'>concordie</span> <span class='ocrx_word' id='word_1_331' title='bbox 1765 2496 1867 2544; x_wconf 79' lang='lat' dir='ltr'>auctor</span> <span class='ocrx_word' id='word_1_332' title='bbox 1881 2499 1932 2550; x_wconf 79' lang='lat' dir='ltr'>est.</span> 
     </span>
     <span class='ocr_line' id='line_1_25' title="bbox 295 2569 1933 2647; baseline 0.001 -13"><span class='ocrx_word' id='word_1_333' title='bbox 295 2573 408 2645; x_wconf 58' lang='lat' dir='ltr'>&amp;pollio</span> <span class='ocrx_word' id='word_1_334' title='bbox 434 2570 536 2643; x_wconf 70' lang='lat' dir='ltr'>sigilli,</span> <span class='ocrx_word' id='word_1_335' title='bbox 571 2569 699 2624; x_wconf 62' lang='lat' dir='ltr'>revelabo</span> <span class='ocrx_word' id='word_1_336' title='bbox 721 2580 762 2625; x_wconf 61' lang='grc' dir='ltr'>θεῖ</span> <span class='ocrx_word' id='word_1_337' title='bbox 789 2571 962 2626; x_wconf 64' lang='lat' dir='ltr'>sacramenti·</span> <span class='ocrx_word' id='word_1_338' title='bbox 986 2572 1086 2626; x_wconf 75' lang='lat' dir='ltr'>Verum</span> <span class='ocrx_word' id='word_1_339' title='bbox 1136 2589 1188 2633; x_wconf 89' lang='lat' dir='ltr'>rste</span> <span class='ocrx_word' id='word_1_340' title='bbox 1201 2593 1266 2633; x_wconf 76' lang='lat' dir='ltr'>vero</span> <span class='ocrx_word' id='word_1_341' title='bbox 1288 2577 1439 2634; x_wconf 73' lang='lat' dir='ltr'>discordie.</span> <span class='ocrx_word' id='word_1_342' title='bbox 1455 2578 1489 2631; x_wconf 82' lang='lat' dir='ltr'>Et</span> <span class='ocrx_word' id='word_1_343' title='bbox 1504 2585 1565 2633; x_wconf 83' lang='lat' dir='ltr'>nota</span> <span class='ocrx_word' id='word_1_344' title='bbox 1584 2576 1654 2647; x_wconf 80' lang='lat' dir='ltr'>quod</span> <span class='ocrx_word' id='word_1_345' title='bbox 1670 2594 1723 2634; x_wconf 91' lang='lat' dir='ltr'>non</span> <span class='ocrx_word' id='word_1_346' title='bbox 1739 2581 1773 2634; x_wconf 89' lang='lat' dir='ltr'>de</span> <span class='ocrx_word' id='word_1_347' title='bbox 1785 2580 1872 2646; x_wconf 76' lang='lat' dir='ltr'>coelo,</span> <span class='ocrx_word' id='word_1_348' title='bbox 1888 2580 1933 2636; x_wconf 83' lang='lat' dir='ltr'>sed</span> 
     </span>
     <span class='ocr_line' id='line_1_26' title="bbox 297 2662 1932 2738; baseline 0.002 -17"><span class='ocrx_word' id='word_1_349' title='bbox 297 2668 540 2734; x_wconf 77' lang='lat' dir='ltr'>arianonorum,</span> <span class='ocrx_word' id='word_1_350' title='bbox 564 2662 610 2717; x_wconf 88' lang='lat' dir='ltr'>sed</span> <span class='ocrx_word' id='word_1_351' title='bbox 634 2662 718 2717; x_wconf 88' lang='lat' dir='ltr'>multu</span> <span class='ocrx_word' id='word_1_352' title='bbox 733 2671 796 2718; x_wconf 90' lang='lat' dir='ltr'>snat</span> <span class='ocrx_word' id='word_1_353' title='bbox 813 2670 992 2727; x_wconf 79' lang='lat' dir='ltr'>sacramente,</span> <span class='ocrx_word' id='word_1_354' title='bbox 1011 2670 1039 2718; x_wconf 90' lang='lat' dir='ltr'>et</span> <span class='ocrx_word' id='word_1_355' title='bbox 1053 2664 1087 2717; x_wconf 92' lang='lat' dir='ltr'>de</span> <span class='ocrx_word' id='word_1_356' title='bbox 1136 2668 1170 2721; x_wconf 91' lang='lat' dir='ltr'>de</span> <span class='ocrx_word' id='word_1_357' title='bbox 1185 2676 1266 2729; x_wconf 84' lang='lat' dir='ltr'>terra,</span> <span class='ocrx_word' id='word_1_358' title='bbox 1283 2667 1309 2722; x_wconf 92' lang='lat' dir='ltr'>id</span> <span class='ocrx_word' id='word_1_359' title='bbox 1329 2677 1371 2722; x_wconf 87' lang='lat' dir='ltr'>est</span> <span class='ocrx_word' id='word_1_360' title='bbox 1386 2675 1492 2721; x_wconf 85' lang='lat' dir='ltr'>terrene</span> <span class='ocrx_word' id='word_1_361' title='bbox 1503 2668 1696 2737; x_wconf 77' lang='lat' dir='ltr'>querentibus,</span> <span class='ocrx_word' id='word_1_362' title='bbox 1718 2683 1818 2738; x_wconf 85' lang='lat' dir='ltr'>pacem</span> <span class='ocrx_word' id='word_1_363' title='bbox 1834 2671 1932 2725; x_wconf 78' lang='lat' dir='ltr'>aulert</span> 
     </span>
     <span class='ocr_line' id='line_1_27' title="bbox 298 2751 1933 2827; baseline 0.001 -15"><span class='ocrx_word' id='word_1_364' title='bbox 298 2755 411 2827; x_wconf 69' lang='lat' dir='ltr'>singulis</span> <span class='ocrx_word' id='word_1_365' title='bbox 425 2753 534 2822; x_wconf 73' lang='lat' dir='ltr'>tangam</span> <span class='ocrx_word' id='word_1_366' title='bbox 546 2759 587 2806; x_wconf 77' lang='lat' dir='ltr'>esi</span> <span class='ocrx_word' id='word_1_367' title='bbox 598 2760 725 2817; x_wconf 71' lang='lat' dir='ltr'>tractare.</span> <span class='ocrx_word' id='word_1_368' title='bbox 743 2761 855 2822; x_wconf 79' lang='lat' dir='ltr'>possunt</span> <span class='ocrx_word' id='word_1_369' title='bbox 868 2752 992 2807; x_wconf 86' lang='lat' dir='ltr'>universa</span> <span class='ocrx_word' id='word_1_370' title='bbox 1005 2751 1032 2805; x_wconf 93' lang='lat' dir='ltr'>in</span> <span class='ocrx_word' id='word_1_371' title='bbox 1045 2751 1087 2806; x_wconf 87' lang='lat' dir='ltr'>his</span> <span class='ocrx_word' id='word_1_372' title='bbox 1138 2755 1172 2811; x_wconf 84' lang='grc' dir='ltr'>Ει</span> <span class='ocrx_word' id='word_1_373' title='bbox 1190 2765 1218 2811; x_wconf 90' lang='lat' dir='ltr'>ut</span> <span class='ocrx_word' id='word_1_374' title='bbox 1237 2758 1344 2812; x_wconf 80' lang='lat' dir='ltr'>inuicem</span> <span class='ocrx_word' id='word_1_375' title='bbox 1361 2773 1389 2813; x_wconf 82' lang='lat' dir='ltr'>se</span> <span class='ocrx_word' id='word_1_376' title='bbox 1409 2756 1577 2825; x_wconf 75' lang='lat' dir='ltr'>interficiant.</span> <span class='ocrx_word' id='word_1_377' title='bbox 1600 2757 1630 2811; x_wconf 90' lang='lat' dir='ltr'>ln</span> <span class='ocrx_word' id='word_1_378' title='bbox 1649 2759 1700 2812; x_wconf 87' lang='lat' dir='ltr'>hae</span> <span class='ocrx_word' id='word_1_379' title='bbox 1722 2761 1866 2814; x_wconf 73' lang='lat' dir='ltr'>sententia</span> <span class='ocrx_word' id='word_1_380' title='bbox 1881 2775 1933 2814; x_wconf 88' lang='lat' dir='ltr'>noa</span> 
     </span>
     <span class='ocr_line' id='line_1_28' title="bbox 296 2840 1936 2919; baseline -0.002 -12"><span class='ocrx_word' id='word_1_381' title='bbox 296 2841 688 2912; x_wconf 62' lang='lat' dir='ltr'>ltlbu5m0d180⁰mtl¹eh0ndl</span> <span class='ocrx_word' id='word_1_382' title='bbox 702 2882 710 2907; x_wconf 63' lang='grc' dir='ltr'><strong>ι</strong></span> <span class='ocrx_word' id='word_1_383' title='bbox 729 2842 809 2897; x_wconf 86' lang='lat' dir='ltr'>idest</span> <span class='ocrx_word' id='word_1_384' title='bbox 822 2842 983 2908; x_wconf 65' lang='grc' dir='ltr'><strong>Ιθθῑιῑῑθῐιῑιι</strong></span> <span class='ocrx_word' id='word_1_385' title='bbox 997 2840 1089 2912; x_wconf 69' lang='grc' dir='ltr'><strong>ὓῡιιῐιῑ·</strong></span> <span class='ocrx_word' id='word_1_386' title='bbox 1138 2846 1254 2902; x_wconf 82' lang='lat' dir='ltr'>eernelis</span> <span class='ocrx_word' id='word_1_387' title='bbox 1267 2846 1313 2901; x_wconf 86' lang='lat' dir='ltr'>sel</span> <span class='ocrx_word' id='word_1_388' title='bbox 1326 2845 1455 2916; x_wconf 84' lang='lat' dir='ltr'>spiritalis</span> <span class='ocrx_word' id='word_1_389' title='bbox 1467 2845 1618 2901; x_wconf 74' lang='lat' dir='ltr'>interfectio</span> <span class='ocrx_word' id='word_1_390' title='bbox 1627 2847 1704 2901; x_wconf 86' lang='lat' dir='ltr'>debet</span> <span class='ocrx_word' id='word_1_391' title='bbox 1713 2846 1844 2919; x_wconf 79' lang='lat' dir='ltr'>intelligi.</span> <span class='ocrx_word' id='word_1_392' title='bbox 1861 2847 1936 2903; x_wconf 84' lang='lat' dir='ltr'>Unde</span> 
     </span>
     <span class='ocr_line' id='line_1_29' title="bbox 297 2931 1938 3006; baseline -0.001 -14"><span class='ocrx_word' id='word_1_393' title='bbox 297 2937 395 3002; x_wconf 85' lang='lat' dir='ltr'>tionis,</span> <span class='ocrx_word' id='word_1_394' title='bbox 413 2943 441 2990; x_wconf 88' lang='lat' dir='ltr'>et</span> <span class='ocrx_word' id='word_1_395' title='bbox 464 2933 589 2992; x_wconf 85' lang='lat' dir='ltr'>actionis.</span> <span class='ocrx_word' id='word_1_396' title='bbox 608 2931 722 2989; x_wconf 89' lang='lat' dir='ltr'>Locutio</span> <span class='ocrx_word' id='word_1_397' title='bbox 740 2933 831 2988; x_wconf 78' lang='lat' dir='ltr'>emula</span> <span class='ocrx_word' id='word_1_398' title='bbox 852 2943 986 3004; x_wconf 71' lang='lat' dir='ltr'>precepta</span> <span class='ocrx_word' id='word_1_399' title='bbox 1010 2932 1038 2987; x_wconf 82' lang='lat' dir='ltr'>in</span> <span class='ocrx_word' id='word_1_400' title='bbox 1060 2945 1090 2986; x_wconf 71' lang='lat' dir='ltr'>se</span> <span class='ocrx_word' id='word_1_401' title='bbox 1138 2946 1228 2992; x_wconf 84' lang='lat' dir='ltr'>antem</span> <span class='ocrx_word' id='word_1_402' title='bbox 1250 2952 1278 2992; x_wconf 87' lang='lat' dir='ltr'>se</span> <span class='ocrx_word' id='word_1_403' title='bbox 1303 2937 1410 3005; x_wconf 83' lang='lat' dir='ltr'>reprobi</span> <span class='ocrx_word' id='word_1_404' title='bbox 1425 2935 1605 3000; x_wconf 83' lang='lat' dir='ltr'>interficient,</span> <span class='ocrx_word' id='word_1_405' title='bbox 1627 2938 1749 3006; x_wconf 85' lang='lat' dir='ltr'>eperitur</span> <span class='ocrx_word' id='word_1_406' title='bbox 1765 2954 1832 2993; x_wconf 88' lang='lat' dir='ltr'>cum</span> <span class='ocrx_word' id='word_1_407' title='bbox 1848 2936 1938 2992; x_wconf 84' lang='lat' dir='ltr'>delo·</span> 
     </span>
     <span class='ocr_line' id='line_1_30' title="bbox 299 3024 1936 3100; baseline -0.001 -17"><span class='ocrx_word' id='word_1_408' title='bbox 299 3026 444 3083; x_wconf 82' lang='lat' dir='ltr'>concludit.</span> <span class='ocrx_word' id='word_1_409' title='bbox 464 3024 587 3094; x_wconf 73' lang='lat' dir='ltr'>cognitio</span> <span class='ocrx_word' id='word_1_410' title='bbox 612 3025 773 3095; x_wconf 75' lang='lat' dir='ltr'>regulariter</span> <span class='ocrx_word' id='word_1_411' title='bbox 796 3025 915 3080; x_wconf 80' lang='lat' dir='ltr'>adbibita</span> <span class='ocrx_word' id='word_1_412' title='bbox 938 3024 1090 3095; x_wconf 78' lang='lat' dir='ltr'>intelligen-</span> <span class='ocrx_word' id='word_1_413' title='bbox 1139 3029 1256 3083; x_wconf 76' lang='lat' dir='ltr'>deorum</span> <span class='ocrx_word' id='word_1_414' title='bbox 1278 3029 1398 3098; x_wconf 82' lang='lat' dir='ltr'>principe</span> <span class='ocrx_word' id='word_1_415' title='bbox 1412 3028 1537 3086; x_wconf 87' lang='lat' dir='ltr'>subditur</span> <span class='ocrx_word' id='word_1_416' title='bbox 1553 3046 1559 3081; x_wconf 94' lang='lat'>:</span> <span class='ocrx_word' id='word_1_417' title='bbox 1575 3038 1601 3082; x_wconf 91' lang='lat' dir='ltr'>et</span> <span class='ocrx_word' id='word_1_418' title='bbox 1615 3029 1693 3083; x_wconf 76' lang='lat' dir='ltr'>datus</span> <span class='ocrx_word' id='word_1_419' title='bbox 1706 3039 1745 3083; x_wconf 79' lang='lat' dir='ltr'>est</span> <span class='ocrx_word' id='word_1_420' title='bbox 1764 3029 1810 3084; x_wconf 86' lang='lat' dir='ltr'>illi</span> <span class='ocrx_word' id='word_1_421' title='bbox 1829 3031 1936 3100; x_wconf 65' lang='lat' dir='ltr'>plautina</span> 
     </span>
     <span class='ocr_line' id='line_1_31' title="bbox 300 3113 1937 3190; baseline 0.001 -19"><span class='ocrx_word' id='word_1_422' title='bbox 300 3117 344 3172; x_wconf 86' lang='lat' dir='ltr'>tim</span> <span class='ocrx_word' id='word_1_423' title='bbox 358 3114 458 3170; x_wconf 74' lang='lat' dir='ltr'>formas</span> <span class='ocrx_word' id='word_1_424' title='bbox 472 3113 601 3168; x_wconf 84' lang='lat' dir='ltr'>insinuat.</span> <span class='ocrx_word' id='word_1_425' title='bbox 622 3114 701 3169; x_wconf 82' lang='lat' dir='ltr'>Aetio</span> <span class='ocrx_word' id='word_1_426' title='bbox 714 3128 778 3169; x_wconf 85' lang='lat' dir='ltr'>vero</span> <span class='ocrx_word' id='word_1_427' title='bbox 789 3114 911 3183; x_wconf 83' lang='lat' dir='ltr'>utrisque</span> <span class='ocrx_word' id='word_1_428' title='bbox 930 3115 1086 3170; x_wconf 81' lang='lat' dir='ltr'>coneordat.</span> <span class='ocrx_word' id='word_1_429' title='bbox 1138 3134 1265 3188; x_wconf 73' lang='lat' dir='ltr'>manuus.</span> <span class='ocrx_word' id='word_1_430' title='bbox 1281 3118 1362 3173; x_wconf 87' lang='lat' dir='ltr'>idest</span> <span class='ocrx_word' id='word_1_431' title='bbox 1375 3117 1519 3189; x_wconf 87' lang='lat' dir='ltr'>spiritalis,</span> <span class='ocrx_word' id='word_1_432' title='bbox 1533 3125 1561 3173; x_wconf 90' lang='lat' dir='ltr'>ct</span> <span class='ocrx_word' id='word_1_433' title='bbox 1573 3118 1704 3190; x_wconf 69' lang='lat' dir='ltr'>malignus</span> <span class='ocrx_word' id='word_1_434' title='bbox 1715 3159 1723 3183; x_wconf 83' lang='lat'><strong><em>,</em></strong></span> <span class='ocrx_word' id='word_1_435' title='bbox 1735 3134 1793 3189; x_wconf 85' lang='lat' dir='ltr'>quo</span> <span class='ocrx_word' id='word_1_436' title='bbox 1808 3136 1865 3174; x_wconf 89' lang='lat' dir='ltr'>non</span> <span class='ocrx_word' id='word_1_437' title='bbox 1878 3136 1937 3174; x_wconf 84' lang='lat' dir='ltr'>cor-</span> 
     </span>
     <span class='ocr_line' id='line_1_32' title="bbox 300 3205 1937 3281; baseline -0.001 -15"><span class='ocrx_word' id='word_1_438' title='bbox 300 3209 402 3280; x_wconf 73' lang='lat' dir='ltr'>dperto</span> <span class='ocrx_word' id='word_1_439' title='bbox 421 3224 486 3266; x_wconf 80' lang='lat' dir='ltr'>vero</span> <span class='ocrx_word' id='word_1_440' title='bbox 505 3224 558 3265; x_wconf 88' lang='lat' dir='ltr'>uno</span> <span class='ocrx_word' id='word_1_441' title='bbox 577 3225 609 3265; x_wconf 82' lang='lat' dir='ltr'>ex</span> <span class='ocrx_word' id='word_1_442' title='bbox 624 3217 727 3281; x_wconf 87' lang='lat' dir='ltr'>septem</span> <span class='ocrx_word' id='word_1_443' title='bbox 750 3210 856 3281; x_wconf 78' lang='lat' dir='ltr'>sigillis,</span> <span class='ocrx_word' id='word_1_444' title='bbox 874 3225 958 3264; x_wconf 87' lang='lat' dir='ltr'>unum</span> <span class='ocrx_word' id='word_1_445' title='bbox 976 3225 1009 3264; x_wconf 80' lang='lat' dir='ltr'>ex</span> <span class='ocrx_word' id='word_1_446' title='bbox 1023 3224 1090 3278; x_wconf 86' lang='lat' dir='ltr'>qon-</span> <span class='ocrx_word' id='word_1_447' title='bbox 1139 3220 1214 3275; x_wconf 88' lang='lat' dir='ltr'>pom,</span> <span class='ocrx_word' id='word_1_448' title='bbox 1228 3205 1275 3261; x_wconf 86' lang='lat' dir='ltr'>sed</span> <span class='ocrx_word' id='word_1_449' title='bbox 1290 3208 1387 3261; x_wconf 74' lang='lat' dir='ltr'>animae</span> <span class='ocrx_word' id='word_1_450' title='bbox 1400 3207 1576 3278; x_wconf 86' lang='lat' dir='ltr'>reprobomm</span> <span class='ocrx_word' id='word_1_451' title='bbox 1588 3206 1756 3278; x_wconf 75' lang='lat' dir='ltr'>jugulantur.</span> <span class='ocrx_word' id='word_1_452' title='bbox 1782 3209 1865 3264; x_wconf 82' lang='lat' dir='ltr'>lione</span> <span class='ocrx_word' id='word_1_453' title='bbox 1882 3209 1937 3280; x_wconf 55' lang='lat' dir='ltr'>glas</span> 
     </span>
     <span class='ocr_line' id='line_1_33' title="bbox 300 3297 1938 3372; baseline -0.001 -17"><span class='ocrx_word' id='word_1_454' title='bbox 300 3310 362 3357; x_wconf 87' lang='lat' dir='ltr'>tuor</span> <span class='ocrx_word' id='word_1_455' title='bbox 381 3300 543 3356; x_wconf 74' lang='lat' dir='ltr'>animalibus</span> <span class='ocrx_word' id='word_1_456' title='bbox 556 3303 582 3356; x_wconf 87' lang='lat' dir='ltr'>ln</span> <span class='ocrx_word' id='word_1_457' title='bbox 595 3302 703 3356; x_wconf 91' lang='lat' dir='ltr'>modurn</span> <span class='ocrx_word' id='word_1_458' title='bbox 716 3302 826 3356; x_wconf 89' lang='lat' dir='ltr'>tonitrui</span> <span class='ocrx_word' id='word_1_459' title='bbox 847 3301 935 3372; x_wconf 76' lang='lat' dir='ltr'>ntegri</span> <span class='ocrx_word' id='word_1_460' title='bbox 958 3299 1090 3355; x_wconf 81' lang='lat' dir='ltr'>ioannem</span> <span class='ocrx_word' id='word_1_461' title='bbox 1140 3297 1214 3352; x_wconf 82' lang='lat' dir='ltr'>ulium</span> <span class='ocrx_word' id='word_1_462' title='bbox 1236 3298 1475 3354; x_wconf 86' lang='lat' dir='ltr'>diabolusduobos</span> <span class='ocrx_word' id='word_1_463' title='bbox 1493 3299 1800 3365; x_wconf 75' lang='lat' dir='ltr'>modisexerce13curs</span> <span class='ocrx_word' id='word_1_464' title='bbox 1821 3309 1872 3354; x_wconf 75' lang='lat' dir='ltr'>eet</span> <span class='ocrx_word' id='word_1_465' title='bbox 1891 3315 1938 3371; x_wconf 87' lang='lat' dir='ltr'>per</span> 
     </span>
     <span class='ocr_line' id='line_1_34' title="bbox 300 3386 1935 3461; baseline -0.003 -13"><span class='ocrx_word' id='word_1_466' title='bbox 300 3394 407 3460; x_wconf 80' lang='lat' dir='ltr'>inritat,</span> <span class='ocrx_word' id='word_1_467' title='bbox 431 3399 461 3446; x_wconf 91' lang='lat' dir='ltr'>ut</span> <span class='ocrx_word' id='word_1_468' title='bbox 472 3393 574 3456; x_wconf 77' lang='lat' dir='ltr'>reniet,</span> <span class='ocrx_word' id='word_1_469' title='bbox 589 3399 617 3447; x_wconf 89' lang='lat' dir='ltr'>et</span> <span class='ocrx_word' id='word_1_470' title='bbox 628 3392 732 3457; x_wconf 58' lang='lat' dir='ltr'>videam</span> <span class='ocrx_word' id='word_1_471' title='bbox 753 3392 815 3461; x_wconf 83' lang='lat' dir='ltr'>quin</span> <span class='ocrx_word' id='word_1_472' title='bbox 835 3392 1008 3446; x_wconf 75' lang='lat' dir='ltr'>manifestata</span> <span class='ocrx_word' id='word_1_473' title='bbox 1021 3391 1091 3445; x_wconf 82' lang='lat' dir='ltr'>reri·</span> <span class='ocrx_word' id='word_1_474' title='bbox 1104 3400 1127 3461; x_wconf 67' lang='grc' dir='ltr'>ρ</span> <span class='ocrx_word' id='word_1_475' title='bbox 1142 3403 1172 3442; x_wconf 89' lang='lat' dir='ltr'>se</span> <span class='ocrx_word' id='word_1_476' title='bbox 1185 3387 1299 3457; x_wconf 81' lang='lat' dir='ltr'>spiritali</span> <span class='ocrx_word' id='word_1_477' title='bbox 1315 3386 1449 3444; x_wconf 90' lang='lat' dir='ltr'>locatione</span> <span class='ocrx_word' id='word_1_478' title='bbox 1462 3388 1576 3443; x_wconf 89' lang='lat' dir='ltr'>interius</span> <span class='ocrx_word' id='word_1_479' title='bbox 1587 3388 1695 3458; x_wconf 84' lang='lat' dir='ltr'>decipit,</span> <span class='ocrx_word' id='word_1_480' title='bbox 1708 3397 1756 3443; x_wconf 81' lang='lat' dir='ltr'>ant</span> <span class='ocrx_word' id='word_1_481' title='bbox 1767 3404 1819 3459; x_wconf 86' lang='lat' dir='ltr'>per</span> <span class='ocrx_word' id='word_1_482' title='bbox 1834 3404 1935 3443; x_wconf 75' lang='lat' dir='ltr'>earne-</span> 
     </span>
     <span class='ocr_line' id='line_1_35' title="bbox 301 3475 1937 3554; baseline -0.003 -17"><span class='ocrx_word' id='word_1_483' title='bbox 301 3491 357 3539; x_wconf 82' lang='lat' dir='ltr'>tete</span> <span class='ocrx_word' id='word_1_484' title='bbox 369 3480 526 3554; x_wconf 75' lang='lat' dir='ltr'>precedens</span> <span class='ocrx_word' id='word_1_485' title='bbox 545 3481 572 3535; x_wconf 93' lang='lat' dir='ltr'>in</span> <span class='ocrx_word' id='word_1_486' title='bbox 596 3479 724 3550; x_wconf 79' lang='lat' dir='ltr'>apostolis</span> <span class='ocrx_word' id='word_1_487' title='bbox 740 3478 860 3535; x_wconf 78' lang='lat' dir='ltr'>Ecclesia</span> <span class='ocrx_word' id='word_1_488' title='bbox 882 3480 1091 3548; x_wconf 82' lang='lat' dir='ltr'>subsequentem</span> <span class='ocrx_word' id='word_1_489' title='bbox 1142 3475 1209 3531; x_wconf 84' lang='lat' dir='ltr'>bum</span> <span class='ocrx_word' id='word_1_490' title='bbox 1222 3492 1331 3532; x_wconf 87' lang='lat' dir='ltr'>suorum</span> <span class='ocrx_word' id='word_1_491' title='bbox 1354 3477 1472 3547; x_wconf 71' lang='lat' dir='ltr'>lingnam</span> <span class='ocrx_word' id='word_1_492' title='bbox 1486 3478 1608 3533; x_wconf 83' lang='lat' dir='ltr'>exterius</span> <span class='ocrx_word' id='word_1_493' title='bbox 1630 3476 1742 3548; x_wconf 85' lang='lat' dir='ltr'>pulsans</span> <span class='ocrx_word' id='word_1_494' title='bbox 1764 3478 1801 3532; x_wconf 81' lang='lat' dir='ltr'>sd</span> <span class='ocrx_word' id='word_1_495' title='bbox 1820 3480 1937 3533; x_wconf 76' lang='lat' dir='ltr'>ooeisie</span> 
     </span>
     <span class='ocr_line' id='line_1_36' title="bbox 301 3567 1935 3642; baseline -0.002 -14"><span class='ocrx_word' id='word_1_496' title='bbox 301 3573 335 3628; x_wconf 85' lang='lat' dir='ltr'>nd</span> <span class='ocrx_word' id='word_1_497' title='bbox 347 3573 426 3628; x_wconf 86' lang='lat' dir='ltr'>illem</span> <span class='ocrx_word' id='word_1_498' title='bbox 439 3579 576 3641; x_wconf 83' lang='lat' dir='ltr'>proruent.</span> <span class='ocrx_word' id='word_1_499' title='bbox 591 3569 685 3642; x_wconf 75' lang='lat' dir='ltr'>(Vens</span> <span class='ocrx_word' id='word_1_500' title='bbox 696 3567 737 3641; x_wconf 71' lang='lat' dir='ltr'>b.)</span> <span class='ocrx_word' id='word_1_501' title='bbox 752 3569 786 3623; x_wconf 78' lang='lat' dir='ltr'>lit</span> <span class='ocrx_word' id='word_1_502' title='bbox 803 3585 954 3639; x_wconf 70' lang='lat' dir='ltr'>cruceque»</span> <span class='ocrx_word' id='word_1_503' title='bbox 966 3568 1052 3634; x_wconf 81' lang='lat' dir='ltr'>albus,</span> <span class='ocrx_word' id='word_1_504' title='bbox 1068 3579 1093 3623; x_wconf 83' lang='lat' dir='ltr'>et</span> <span class='ocrx_word' id='word_1_505' title='bbox 1141 3583 1204 3622; x_wconf 88' lang='lat' dir='ltr'>nem</span> <span class='ocrx_word' id='word_1_506' title='bbox 1226 3569 1322 3623; x_wconf 83' lang='lat' dir='ltr'>arrimae</span> <span class='ocrx_word' id='word_1_507' title='bbox 1348 3570 1485 3640; x_wconf 77' lang='lat' dir='ltr'>pertingit.</span> <span class='ocrx_word' id='word_1_508' title='bbox 1507 3568 1569 3625; x_wconf 82' lang='lat' dir='ltr'>llaec</span> <span class='ocrx_word' id='word_1_509' title='bbox 1594 3577 1683 3625; x_wconf 80' lang='lat' dir='ltr'>eutem</span> <span class='ocrx_word' id='word_1_510' title='bbox 1705 3570 1798 3623; x_wconf 81' lang='lat' dir='ltr'>omnis</span> <span class='ocrx_word' id='word_1_511' title='bbox 1814 3569 1855 3624; x_wconf 89' lang='lat' dir='ltr'>illi</span> <span class='ocrx_word' id='word_1_512' title='bbox 1876 3573 1935 3626; x_wconf 72' lang='lat' dir='ltr'>data</span> 
     </span>
     <span class='ocr_line' id='line_1_37' title="bbox 300 3658 1935 3737; baseline 0.001 -18"><span class='ocrx_word' id='word_1_513' title='bbox 300 3666 346 3737; x_wconf 76' lang='lat' dir='ltr'>arri</span> <span class='ocrx_word' id='word_1_514' title='bbox 367 3662 473 3719; x_wconf 74' lang='lat' dir='ltr'>sedebus</span> <span class='ocrx_word' id='word_1_515' title='bbox 497 3677 575 3732; x_wconf 77' lang='lat' dir='ltr'>super</span> <span class='ocrx_word' id='word_1_516' title='bbox 598 3676 657 3715; x_wconf 86' lang='lat' dir='ltr'>eum</span> <span class='ocrx_word' id='word_1_517' title='bbox 674 3659 786 3714; x_wconf 79' lang='lat' dir='ltr'>babebat</span> <span class='ocrx_word' id='word_1_518' title='bbox 807 3675 909 3713; x_wconf 83' lang='lat' dir='ltr'>arrum.</span> <span class='ocrx_word' id='word_1_519' title='bbox 928 3659 981 3714; x_wconf 89' lang='lat' dir='ltr'>Per</span> <span class='ocrx_word' id='word_1_520' title='bbox 994 3675 1093 3729; x_wconf 85' lang='lat' dir='ltr'>equom</span> <span class='ocrx_word' id='word_1_521' title='bbox 1141 3658 1312 3722; x_wconf 76' lang='lat' dir='ltr'>dicuntur,id</span> <span class='ocrx_word' id='word_1_522' title='bbox 1320 3661 1424 3720; x_wconf 80' lang='lat' dir='ltr'>estbeo</span> <span class='ocrx_word' id='word_1_523' title='bbox 1431 3660 1505 3728; x_wconf 84' lang='lat' dir='ltr'>justo</span> <span class='ocrx_word' id='word_1_524' title='bbox 1514 3668 1609 3715; x_wconf 84' lang='lat' dir='ltr'>cuncta</span> <span class='ocrx_word' id='word_1_525' title='bbox 1621 3661 1779 3730; x_wconf 87' lang='lat' dir='ltr'>disponente</span> <span class='ocrx_word' id='word_1_526' title='bbox 1789 3663 1935 3731; x_wconf 78' lang='lat' dir='ltr'>permissa.</span> 
     </span>
     <span class='ocr_line' id='line_1_38' title="bbox 303 3748 1934 3826; baseline -0.002 -16"><span class='ocrx_word' id='word_1_527' title='bbox 303 3756 393 3811; x_wconf 89' lang='lat' dir='ltr'>uibom</span> <span class='ocrx_word' id='word_1_528' title='bbox 407 3753 506 3808; x_wconf 83' lang='lat' dir='ltr'>Christi</span> <span class='ocrx_word' id='word_1_529' title='bbox 529 3752 683 3807; x_wconf 76' lang='lat' dir='ltr'>humanitus</span> <span class='ocrx_word' id='word_1_530' title='bbox 695 3752 852 3822; x_wconf 72' lang='lat' dir='ltr'>designetur</span> <span class='ocrx_word' id='word_1_531' title='bbox 863 3752 920 3807; x_wconf 88' lang='lat' dir='ltr'>sine</span> <span class='ocrx_word' id='word_1_532' title='bbox 937 3753 1039 3821; x_wconf 79' lang='lat' dir='ltr'>peccati</span> <span class='ocrx_word' id='word_1_533' title='bbox 1054 3751 1094 3808; x_wconf 86' lang='lat' dir='ltr'>ol·</span> <span class='ocrx_word' id='word_1_534' title='bbox 1129 3811 1140 3826; x_wconf 48' lang='grc'>,</span> <span class='ocrx_word' id='word_1_535' title='bbox 1179 3752 1259 3804; x_wconf 78' lang='lat' dir='ltr'>Vens.</span> <span class='ocrx_word' id='word_1_536' title='bbox 1278 3748 1305 3802; x_wconf 78' lang='lat'>5.</span> <span class='ocrx_word' id='word_1_537' title='bbox 1323 3779 1359 3788; x_wconf 89' lang='lat'><em>-</em></span> <span class='ocrx_word' id='word_1_538' title='bbox 1383 3748 1418 3803; x_wconf 79' lang='lat' dir='ltr'>dr</span> <span class='ocrx_word' id='word_1_539' title='bbox 1441 3765 1501 3803; x_wconf 87' lang='lat' dir='ltr'>cum</span> <span class='ocrx_word' id='word_1_540' title='bbox 1521 3750 1662 3819; x_wconf 72' lang='lat' dir='ltr'>aperuisset</span> <span class='ocrx_word' id='word_1_541' title='bbox 1677 3749 1794 3820; x_wconf 76' lang='lat' dir='ltr'>ripillum</span> <span class='ocrx_word' id='word_1_542' title='bbox 1815 3752 1934 3816; x_wconf 76' lang='lat' dir='ltr'>tertium,</span> 
     </span>
     <span class='ocr_line' id='line_1_39' title="bbox 305 3837 1935 3913; baseline -0.001 -17"><span class='ocrx_word' id='word_1_543' title='bbox 305 3842 472 3907; x_wconf 72' lang='lat' dir='ltr'>insessione,</span> <span class='ocrx_word' id='word_1_544' title='bbox 488 3856 570 3911; x_wconf 85' lang='lat' dir='ltr'>quem</span> <span class='ocrx_word' id='word_1_545' title='bbox 583 3839 701 3897; x_wconf 74' lang='lat' dir='ltr'>Verbum</span> <span class='ocrx_word' id='word_1_546' title='bbox 723 3840 812 3897; x_wconf 87' lang='lat' dir='ltr'>Putris</span> <span class='ocrx_word' id='word_1_547' title='bbox 828 3841 1001 3913; x_wconf 77' lang='lat' dir='ltr'>singulariter</span> <span class='ocrx_word' id='word_1_548' title='bbox 1011 3841 1094 3895; x_wconf 83' lang='lat' dir='ltr'>voluit</span> <span class='ocrx_word' id='word_1_549' title='bbox 1143 3840 1231 3894; x_wconf 80' lang='lat' dir='ltr'>audiri</span> <span class='ocrx_word' id='word_1_550' title='bbox 1245 3838 1458 3894; x_wconf 87' lang='lat' dir='ltr'>tertiumauimal</span> <span class='ocrx_word' id='word_1_551' title='bbox 1475 3839 1587 3894; x_wconf 78' lang='lat' dir='ltr'>diceus:</span> <span class='ocrx_word' id='word_1_552' title='bbox 1613 3838 1684 3904; x_wconf 78' lang='lat' dir='ltr'>Veni,</span> <span class='ocrx_word' id='word_1_553' title='bbox 1698 3838 1803 3893; x_wconf 74' lang='lat' dir='ltr'>stride.</span> <span class='ocrx_word' id='word_1_554' title='bbox 1824 3837 1864 3892; x_wconf 84' lang='lat' dir='ltr'>Er</span> <span class='ocrx_word' id='word_1_555' title='bbox 1881 3858 1935 3895; x_wconf 83' lang='lat' dir='ltr'>eece</span> 
     </span>
     <span class='ocr_line' id='line_1_40' title="bbox 306 3927 1935 4003; baseline -0.002 -16"><span class='ocrx_word' id='word_1_556' title='bbox 306 3932 467 4003; x_wconf 61' lang='lat' dir='ltr'>presidem</span> <span class='ocrx_word' id='word_1_557' title='bbox 485 3931 543 3986; x_wconf 83' lang='lat' dir='ltr'>sive</span> <span class='ocrx_word' id='word_1_558' title='bbox 555 3943 651 3986; x_wconf 88' lang='lat' dir='ltr'>omnes</span> <span class='ocrx_word' id='word_1_559' title='bbox 663 3928 752 3984; x_wconf 86' lang='lat' dir='ltr'>electi.</span> <span class='ocrx_word' id='word_1_560' title='bbox 766 3929 819 3984; x_wconf 86' lang='lat' dir='ltr'>Per</span> <span class='ocrx_word' id='word_1_561' title='bbox 829 3944 921 3985; x_wconf 84' lang='lat' dir='ltr'>ereum</span> <span class='ocrx_word' id='word_1_562' title='bbox 936 3945 1000 3985; x_wconf 82' lang='lat' dir='ltr'>vero</span> <span class='ocrx_word' id='word_1_563' title='bbox 1011 3930 1095 3986; x_wconf 82' lang='lat' dir='ltr'>Vetus</span> <span class='ocrx_word' id='word_1_564' title='bbox 1143 3945 1223 4000; x_wconf 80' lang='lat' dir='ltr'>equus</span> <span class='ocrx_word' id='word_1_565' title='bbox 1236 3928 1317 3999; x_wconf 76' lang='lat' dir='ltr'>niper,</span> <span class='ocrx_word' id='word_1_566' title='bbox 1330 3938 1355 3983; x_wconf 86' lang='lat' dir='ltr'>et</span> <span class='ocrx_word' id='word_1_567' title='bbox 1371 3930 1416 4000; x_wconf 77' lang='lat' dir='ltr'>qui</span> <span class='ocrx_word' id='word_1_568' title='bbox 1429 3929 1534 3984; x_wconf 75' lang='lat' dir='ltr'>redebet</span> <span class='ocrx_word' id='word_1_569' title='bbox 1554 3946 1633 4000; x_wconf 83' lang='lat' dir='ltr'>super</span> <span class='ocrx_word' id='word_1_570' title='bbox 1653 3945 1711 3984; x_wconf 84' lang='lat' dir='ltr'>eum</span> <span class='ocrx_word' id='word_1_571' title='bbox 1723 3927 1839 3982; x_wconf 76' lang='lat' dir='ltr'>babebat</span> <span class='ocrx_word' id='word_1_572' title='bbox 1858 3940 1935 3984; x_wconf 77' lang='lat' dir='ltr'>etate·</span> 
     </span>
     <span class='ocr_line' id='line_1_41' title="bbox 304 4018 1936 4092; baseline -0.004 -14"><span class='ocrx_word' id='word_1_573' title='bbox 304 4032 332 4078; x_wconf 89' lang='lat' dir='ltr'>et</span> <span class='ocrx_word' id='word_1_574' title='bbox 346 4021 448 4078; x_wconf 82' lang='lat' dir='ltr'>Novum</span> <span class='ocrx_word' id='word_1_575' title='bbox 464 4021 665 4077; x_wconf 74' lang='lat' dir='ltr'>Testamentum</span> <span class='ocrx_word' id='word_1_576' title='bbox 679 4020 849 4090; x_wconf 87' lang='lat' dir='ltr'>exprimitur,</span> <span class='ocrx_word' id='word_1_577' title='bbox 860 4036 893 4076; x_wconf 83' lang='lat' dir='ltr'>ex</span> <span class='ocrx_word' id='word_1_578' title='bbox 909 4037 964 4092; x_wconf 78' lang='lat' dir='ltr'>qno</span> <span class='ocrx_word' id='word_1_579' title='bbox 981 4030 1020 4076; x_wconf 91' lang='lat' dir='ltr'>tot</span> <span class='ocrx_word' id='word_1_580' title='bbox 1030 4037 1094 4091; x_wconf 93' lang='lat' dir='ltr'>pro·</span> <span class='ocrx_word' id='word_1_581' title='bbox 1145 4036 1201 4073; x_wconf 83' lang='lat' dir='ltr'>ram</span> <span class='ocrx_word' id='word_1_582' title='bbox 1222 4020 1249 4072; x_wconf 90' lang='lat' dir='ltr'>in</span> <span class='ocrx_word' id='word_1_583' title='bbox 1263 4035 1343 4072; x_wconf 86' lang='lat' dir='ltr'>maun</span> <span class='ocrx_word' id='word_1_584' title='bbox 1356 4035 1415 4072; x_wconf 84' lang='lat' dir='ltr'>sun.</span> <span class='ocrx_word' id='word_1_585' title='bbox 1439 4018 1562 4090; x_wconf 82' lang='lat' dir='ltr'>inhujus</span> <span class='ocrx_word' id='word_1_586' title='bbox 1578 4020 1641 4088; x_wconf 84' lang='lat' dir='ltr'>equi</span> <span class='ocrx_word' id='word_1_587' title='bbox 1655 4018 1796 4089; x_wconf 72' lang='lat' dir='ltr'>nigredine</span> <span class='ocrx_word' id='word_1_588' title='bbox 1819 4018 1868 4073; x_wconf 85' lang='lat' dir='ltr'>illa</span> <span class='ocrx_word' id='word_1_589' title='bbox 1883 4035 1936 4072; x_wconf 78' lang='lat' dir='ltr'>rna·</span> 
     </span>
     <span class='ocr_line' id='line_1_42' title="bbox 306 4106 1936 4181; baseline -0.004 -13"><span class='ocrx_word' id='word_1_590' title='bbox 306 4112 391 4168; x_wconf 75' lang='lat' dir='ltr'>deun</span> <span class='ocrx_word' id='word_1_591' title='bbox 399 4109 488 4181; x_wconf 76' lang='lat' dir='ltr'>jacula</span> <span class='ocrx_word' id='word_1_592' title='bbox 500 4149 508 4174; x_wconf 85' lang='lat'>‚</span> <span class='ocrx_word' id='word_1_593' title='bbox 522 4116 588 4178; x_wconf 87' lang='lat' dir='ltr'>quot</span> <span class='ocrx_word' id='word_1_594' title='bbox 601 4115 664 4163; x_wconf 83' lang='lat' dir='ltr'>sunt</span> <span class='ocrx_word' id='word_1_595' title='bbox 679 4108 913 4164; x_wconf 81' lang='lat' dir='ltr'>Testamentorum</span> <span class='ocrx_word' id='word_1_596' title='bbox 926 4110 1042 4181; x_wconf 83' lang='lat' dir='ltr'>eloquio.</span> <span class='ocrx_word' id='word_1_597' title='bbox 1058 4110 1096 4167; x_wconf 84' lang='lat' dir='ltr'>De</span> <span class='ocrx_word' id='word_1_598' title='bbox 1144 4109 1231 4162; x_wconf 87' lang='lat' dir='ltr'>lorum</span> <span class='ocrx_word' id='word_1_599' title='bbox 1242 4109 1345 4163; x_wconf 87' lang='lat' dir='ltr'>esuries</span> <span class='ocrx_word' id='word_1_600' title='bbox 1358 4109 1522 4179; x_wconf 79' lang='lat' dir='ltr'>designatur,</span> <span class='ocrx_word' id='word_1_601' title='bbox 1535 4123 1587 4178; x_wconf 81' lang='lat' dir='ltr'>qus</span> <span class='ocrx_word' id='word_1_602' title='bbox 1603 4106 1703 4162; x_wconf 84' lang='lat' dir='ltr'>Christi</span> <span class='ocrx_word' id='word_1_603' title='bbox 1715 4121 1817 4178; x_wconf 89' lang='lat' dir='ltr'>corpus</span> <span class='ocrx_word' id='word_1_604' title='bbox 1832 4106 1936 4162; x_wconf 80' lang='lat' dir='ltr'>inhian-</span> 
     </span>
     <span class='ocr_line' id='line_1_43' title="bbox 305 4198 1938 4276; baseline -0.003 -17"><span class='ocrx_word' id='word_1_605' title='bbox 305 4203 359 4259; x_wconf 74' lang='lat' dir='ltr'>tac</span> <span class='ocrx_word' id='word_1_606' title='bbox 373 4216 440 4256; x_wconf 80' lang='lat' dir='ltr'>areu</span> <span class='ocrx_word' id='word_1_607' title='bbox 456 4199 545 4255; x_wconf 86' lang='lat' dir='ltr'>eidem</span> <span class='ocrx_word' id='word_1_608' title='bbox 567 4200 667 4254; x_wconf 86' lang='lat' dir='ltr'>sessori</span> <span class='ocrx_word' id='word_1_609' title='bbox 682 4199 804 4255; x_wconf 83' lang='lat' dir='ltr'>dicitnr:</span> <span class='ocrx_word' id='word_1_610' title='bbox 828 4202 941 4256; x_wconf 88' lang='lat' dir='ltr'>tendens</span> <span class='ocrx_word' id='word_1_611' title='bbox 962 4210 990 4256; x_wconf 90' lang='lat' dir='ltr'>ct</span> <span class='ocrx_word' id='word_1_612' title='bbox 1003 4209 1097 4257; x_wconf 83' lang='lat' dir='ltr'>exten·</span> <span class='ocrx_word' id='word_1_613' title='bbox 1147 4206 1188 4252; x_wconf 91' lang='lat' dir='ltr'>ter</span> <span class='ocrx_word' id='word_1_614' title='bbox 1200 4198 1340 4263; x_wconf 82' lang='lat' dir='ltr'>devorare,</span> <span class='ocrx_word' id='word_1_615' title='bbox 1366 4207 1394 4253; x_wconf 84' lang='lat' dir='ltr'>et</span> <span class='ocrx_word' id='word_1_616' title='bbox 1417 4200 1444 4276; x_wconf 89' lang='lat' dir='ltr'>in</span> <span class='ocrx_word' id='word_1_617' title='bbox 1467 4199 1575 4253; x_wconf 75' lang='lat' dir='ltr'>malitie</span> <span class='ocrx_word' id='word_1_618' title='bbox 1596 4214 1652 4253; x_wconf 78' lang='lat' dir='ltr'>sue</span> <span class='ocrx_word' id='word_1_619' title='bbox 1670 4207 1794 4253; x_wconf 81' lang='lat' dir='ltr'>ventrem</span> <span class='ocrx_word' id='word_1_620' title='bbox 1811 4201 1938 4270; x_wconf 79' lang='lat' dir='ltr'>trajicere</span> 
     </span>
     <span class='ocr_line' id='line_1_44' title="bbox 306 4287 1938 4360; baseline -0.002 -12"><span class='ocrx_word' id='word_1_621' title='bbox 306 4294 374 4348; x_wconf 87' lang='lat' dir='ltr'>deus</span> <span class='ocrx_word' id='word_1_622' title='bbox 395 4305 490 4344; x_wconf 81' lang='lat' dir='ltr'>arcum</span> <span class='ocrx_word' id='word_1_623' title='bbox 507 4297 677 4358; x_wconf 89' lang='lat' dir='ltr'>tuumsuper</span> <span class='ocrx_word' id='word_1_624' title='bbox 694 4295 810 4358; x_wconf 82' lang='lat' dir='ltr'>sceptra.</span> <span class='ocrx_word' id='word_1_625' title='bbox 834 4287 909 4355; x_wconf 82' lang='lat' dir='ltr'>Quod</span> <span class='ocrx_word' id='word_1_626' title='bbox 923 4304 988 4344; x_wconf 84' lang='lat' dir='ltr'>vero</span> <span class='ocrx_word' id='word_1_627' title='bbox 1008 4291 1098 4360; x_wconf 87' lang='lat' dir='ltr'>sequi·</span> <span class='ocrx_word' id='word_1_628' title='bbox 1146 4290 1339 4359; x_wconf 87' lang='lat' dir='ltr'>concupiscunt</span> <span class='ocrx_word' id='word_1_629' title='bbox 1358 4309 1365 4343; x_wconf 90' lang='lat'>:</span> <span class='ocrx_word' id='word_1_630' title='bbox 1389 4306 1504 4360; x_wconf 84' lang='lat' dir='ltr'>quorum</span> <span class='ocrx_word' id='word_1_631' title='bbox 1529 4304 1618 4345; x_wconf 90' lang='lat' dir='ltr'>sessor</span> <span class='ocrx_word' id='word_1_632' title='bbox 1646 4290 1728 4344; x_wconf 80' lang='lat' dir='ltr'>babet</span> <span class='ocrx_word' id='word_1_633' title='bbox 1755 4297 1889 4344; x_wconf 76' lang='lat' dir='ltr'>steteram</span> <span class='ocrx_word' id='word_1_634' title='bbox 1912 4290 1938 4344; x_wconf 90' lang='lat' dir='ltr'>ia</span> 
     </span>
     <span class='ocr_line' id='line_1_45' title="bbox 308 4374 1938 4451; baseline -0.002 -15"><span class='ocrx_word' id='word_1_635' title='bbox 308 4388 352 4436; x_wconf 87' lang='lat' dir='ltr'>tur</span> <span class='ocrx_word' id='word_1_636' title='bbox 364 4398 371 4433; x_wconf 93' lang='lat'><strong>:</strong></span> <span class='ocrx_word' id='word_1_637' title='bbox 385 4388 411 4433; x_wconf 88' lang='lat' dir='ltr'>et</span> <span class='ocrx_word' id='word_1_638' title='bbox 429 4378 493 4432; x_wconf 87' lang='lat' dir='ltr'>data</span> <span class='ocrx_word' id='word_1_639' title='bbox 504 4385 542 4432; x_wconf 80' lang='lat' dir='ltr'>eet</span> <span class='ocrx_word' id='word_1_640' title='bbox 552 4374 592 4431; x_wconf 88' lang='lat' dir='ltr'>illi</span> <span class='ocrx_word' id='word_1_641' title='bbox 605 4392 711 4441; x_wconf 81' lang='lat' dir='ltr'>corona,</span> <span class='ocrx_word' id='word_1_642' title='bbox 726 4392 780 4432; x_wconf 92' lang='lat' dir='ltr'>non</span> <span class='ocrx_word' id='word_1_643' title='bbox 794 4378 881 4433; x_wconf 87' lang='lat' dir='ltr'>selum</span> <span class='ocrx_word' id='word_1_644' title='bbox 897 4378 931 4433; x_wconf 84' lang='lat' dir='ltr'>ed</span> <span class='ocrx_word' id='word_1_645' title='bbox 945 4388 1034 4448; x_wconf 86' lang='lat' dir='ltr'>caput,</span> <span class='ocrx_word' id='word_1_646' title='bbox 1051 4381 1098 4435; x_wconf 86' lang='lat' dir='ltr'>sed</span> <span class='ocrx_word' id='word_1_647' title='bbox 1147 4397 1227 4435; x_wconf 86' lang='lat' dir='ltr'>manu</span> <span class='ocrx_word' id='word_1_648' title='bbox 1254 4397 1322 4446; x_wconf 86' lang='lat' dir='ltr'>sua,</span> <span class='ocrx_word' id='word_1_649' title='bbox 1347 4381 1410 4450; x_wconf 81' lang='lat' dir='ltr'>quia</span> <span class='ocrx_word' id='word_1_650' title='bbox 1435 4380 1627 4451; x_wconf 83' lang='lat' dir='ltr'>temporalibus</span> <span class='ocrx_word' id='word_1_651' title='bbox 1645 4378 1787 4449; x_wconf 90' lang='lat' dir='ltr'>stipendiis</span> <span class='ocrx_word' id='word_1_652' title='bbox 1804 4379 1938 4434; x_wconf 84' lang='lat' dir='ltr'>bonorum</span> 
     </span>
     <span class='ocr_line' id='line_1_46' title="bbox 306 4464 1938 4541; baseline 0 -17"><span class='ocrx_word' id='word_1_653' title='bbox 306 4468 435 4524; x_wconf 76' lang='lat' dir='ltr'>etiamad</span> <span class='ocrx_word' id='word_1_654' title='bbox 447 4482 547 4536; x_wconf 88' lang='lat' dir='ltr'>corpus</span> <span class='ocrx_word' id='word_1_655' title='bbox 561 4466 687 4521; x_wconf 78' lang='lat' dir='ltr'>refertur.</span> <span class='ocrx_word' id='word_1_656' title='bbox 704 4464 738 4521; x_wconf 83' lang='lat' dir='ltr'>Et</span> <span class='ocrx_word' id='word_1_657' title='bbox 748 4467 810 4523; x_wconf 79' lang='lat' dir='ltr'>exiit</span> <span class='ocrx_word' id='word_1_658' title='bbox 821 4468 962 4523; x_wconf 80' lang='lat' dir='ltr'>uinceueet</span> <span class='ocrx_word' id='word_1_659' title='bbox 976 4469 1097 4525; x_wconf 86' lang='lat' dir='ltr'>uinceret.</span> <span class='ocrx_word' id='word_1_660' title='bbox 1147 4474 1230 4526; x_wconf 81' lang='lat' dir='ltr'>ritem</span> <span class='ocrx_word' id='word_1_661' title='bbox 1245 4472 1360 4526; x_wconf 76' lang='lat' dir='ltr'>mereari</span> <span class='ocrx_word' id='word_1_662' title='bbox 1380 4473 1486 4541; x_wconf 70' lang='lat' dir='ltr'>porterit,</span> <span class='ocrx_word' id='word_1_663' title='bbox 1502 4482 1530 4526; x_wconf 89' lang='grc' dir='ltr'>ιιι</span> <span class='ocrx_word' id='word_1_664' title='bbox 1545 4485 1620 4526; x_wconf 85' lang='lat' dir='ltr'>suurn</span> <span class='ocrx_word' id='word_1_665' title='bbox 1637 4482 1802 4540; x_wconf 82' lang='lat' dir='ltr'>suorumque</span> <span class='ocrx_word' id='word_1_666' title='bbox 1820 4470 1938 4524; x_wconf 73' lang='lat' dir='ltr'>esuriem</span> 
     </span>
     <span class='ocr_line' id='line_1_47' title="bbox 310 4558 1940 4631; baseline -0.003 -13"><span class='ocrx_word' id='word_1_667' title='bbox 310 4562 386 4619; x_wconf 85' lang='lat' dir='ltr'>Unde</span> <span class='ocrx_word' id='word_1_668' title='bbox 400 4561 466 4615; x_wconf 83' lang='lat' dir='ltr'>exiit</span> <span class='ocrx_word' id='word_1_669' title='bbox 480 4560 532 4616; x_wconf 91' lang='lat' dir='ltr'>nisi</span> <span class='ocrx_word' id='word_1_670' title='bbox 549 4573 584 4613; x_wconf 82' lang='lat' dir='ltr'>ex</span> <span class='ocrx_word' id='word_1_671' title='bbox 597 4568 693 4630; x_wconf 82' lang='lat' dir='ltr'>aperto</span> <span class='ocrx_word' id='word_1_672' title='bbox 712 4559 821 4631; x_wconf 75' lang='lat' dir='ltr'>sigillo?</span> <span class='ocrx_word' id='word_1_673' title='bbox 843 4559 911 4614; x_wconf 80' lang='lat' dir='ltr'>Num</span> <span class='ocrx_word' id='word_1_674' title='bbox 925 4577 959 4617; x_wconf 80' lang='lat' dir='ltr'>er</span> <span class='ocrx_word' id='word_1_675' title='bbox 979 4562 1099 4618; x_wconf 82' lang='lat' dir='ltr'>revelato</span> <span class='ocrx_word' id='word_1_676' title='bbox 1149 4564 1247 4616; x_wconf 84' lang='lat' dir='ltr'>satiare</span> <span class='ocrx_word' id='word_1_677' title='bbox 1259 4562 1352 4631; x_wconf 79' lang='lat' dir='ltr'>possit.</span> <span class='ocrx_word' id='word_1_678' title='bbox 1365 4561 1438 4616; x_wconf 85' lang='lat' dir='ltr'>lianc</span> <span class='ocrx_word' id='word_1_679' title='bbox 1451 4570 1579 4616; x_wconf 82' lang='lat' dir='ltr'>steteram</span> <span class='ocrx_word' id='word_1_680' title='bbox 1593 4560 1620 4616; x_wconf 91' lang='lat' dir='ltr'>in</span> <span class='ocrx_word' id='word_1_681' title='bbox 1634 4575 1715 4615; x_wconf 77' lang='grc' dir='ltr'><strong>ιιιιιιιιι</strong></span> <span class='ocrx_word' id='word_1_682' title='bbox 1730 4559 1817 4615; x_wconf 89' lang='lat' dir='ltr'>tenuit</span> <span class='ocrx_word' id='word_1_683' title='bbox 1830 4558 1940 4628; x_wconf 63' lang='lat' dir='ltr'>quaem</span> 
     </span>
     <span class='ocr_line' id='line_1_48' title="bbox 309 4649 1939 4722; baseline -0.001 -16"><span class='ocrx_word' id='word_1_684' title='bbox 309 4650 515 4722; x_wconf 82' lang='lat' dir='ltr'>Scriptureruru</span> <span class='ocrx_word' id='word_1_685' title='bbox 538 4658 718 4717; x_wconf 78' lang='lat' dir='ltr'>sacramento,</span> <span class='ocrx_word' id='word_1_686' title='bbox 734 4651 791 4722; x_wconf 84' lang='lat' dir='ltr'>ipse</span> <span class='ocrx_word' id='word_1_687' title='bbox 812 4653 973 4707; x_wconf 80' lang='lat' dir='ltr'>sacrementi</span> <span class='ocrx_word' id='word_1_688' title='bbox 998 4653 1099 4709; x_wconf 84' lang='lat' dir='ltr'>veritus</span> <span class='ocrx_word' id='word_1_689' title='bbox 1149 4669 1231 4706; x_wconf 88' lang='lat' dir='ltr'>unum</span> <span class='ocrx_word' id='word_1_690' title='bbox 1247 4652 1280 4708; x_wconf 86' lang='lat' dir='ltr'>ed</span> <span class='ocrx_word' id='word_1_691' title='bbox 1294 4654 1508 4709; x_wconf 83' lang='lat' dir='ltr'>manducandum</span> <span class='ocrx_word' id='word_1_692' title='bbox 1520 4654 1617 4708; x_wconf 91' lang='lat' dir='ltr'>obtulit</span> <span class='ocrx_word' id='word_1_693' title='bbox 1630 4667 1748 4722; x_wconf 84' lang='lat' dir='ltr'>pomum,</span> <span class='ocrx_word' id='word_1_694' title='bbox 1764 4659 1793 4705; x_wconf 88' lang='lat' dir='ltr'>et</span> <span class='ocrx_word' id='word_1_695' title='bbox 1805 4649 1939 4705; x_wconf 76' lang='lat' dir='ltr'>ratomsd</span> 
     </span>
     <span class='ocr_line' id='line_1_49' title="bbox 310 4736 1940 4813; baseline -0.003 -14"><span class='ocrx_word' id='word_1_696' title='bbox 310 4741 455 4799; x_wconf 80' lang='lat' dir='ltr'>manileste</span> <span class='ocrx_word' id='word_1_697' title='bbox 479 4741 613 4813; x_wconf 83' lang='lat' dir='ltr'>apperuit.</span> <span class='ocrx_word' id='word_1_698' title='bbox 634 4738 708 4795; x_wconf 74' lang='lat' dir='ltr'>lietu</span> <span class='ocrx_word' id='word_1_699' title='bbox 734 4748 823 4796; x_wconf 81' lang='lat' dir='ltr'>antem</span> <span class='ocrx_word' id='word_1_700' title='bbox 844 4743 958 4806; x_wconf 79' lang='lat' dir='ltr'>vincens,</span> <span class='ocrx_word' id='word_1_701' title='bbox 982 4743 1099 4813; x_wconf 87' lang='lat' dir='ltr'>primum</span> <span class='ocrx_word' id='word_1_702' title='bbox 1115 4736 1137 4793; x_wconf 83' lang='lat' dir='ltr'>il</span> <span class='ocrx_word' id='word_1_703' title='bbox 1150 4743 1314 4812; x_wconf 86' lang='lat' dir='ltr'>perdendum</span> <span class='ocrx_word' id='word_1_704' title='bbox 1340 4752 1475 4799; x_wconf 84' lang='lat' dir='ltr'>mercatus</span> <span class='ocrx_word' id='word_1_705' title='bbox 1493 4750 1535 4798; x_wconf 89' lang='lat' dir='ltr'>est</span> <span class='ocrx_word' id='word_1_706' title='bbox 1553 4742 1693 4797; x_wconf 87' lang='lat' dir='ltr'>mendum.</span> <span class='ocrx_word' id='word_1_707' title='bbox 1711 4740 1777 4796; x_wconf 79' lang='lat' dir='ltr'>llum</span> <span class='ocrx_word' id='word_1_708' title='bbox 1796 4741 1940 4796; x_wconf 75' lang='lat' dir='ltr'>sciendum</span> 
     </span>
     <span class='ocr_line' id='line_1_50' title="bbox 308 4832 1939 4905; baseline -0.003 -13"><span class='ocrx_word' id='word_1_709' title='bbox 308 4841 400 4905; x_wconf 67' lang='lat' dir='ltr'>capul,</span> <span class='ocrx_word' id='word_1_710' title='bbox 418 4840 449 4888; x_wconf 88' lang='lat' dir='ltr'>ut</span> <span class='ocrx_word' id='word_1_711' title='bbox 471 4841 531 4902; x_wconf 86' lang='lat' dir='ltr'>post</span> <span class='ocrx_word' id='word_1_712' title='bbox 544 4832 572 4887; x_wconf 89' lang='lat' dir='ltr'>in</span> <span class='ocrx_word' id='word_1_713' title='bbox 590 4845 702 4902; x_wconf 85' lang='lat' dir='ltr'>corpure</span> <span class='ocrx_word' id='word_1_714' title='bbox 717 4833 840 4887; x_wconf 83' lang='lat' dir='ltr'>vinceret</span> <span class='ocrx_word' id='word_1_715' title='bbox 857 4834 975 4901; x_wconf 89' lang='lat' dir='ltr'>quotidie</span> <span class='ocrx_word' id='word_1_716' title='bbox 1000 4834 1098 4888; x_wconf 83' lang='lat' dir='ltr'>diaboli</span> <span class='ocrx_word' id='word_1_717' title='bbox 1151 4835 1215 4904; x_wconf 83' lang='lat' dir='ltr'>quio</span> <span class='ocrx_word' id='word_1_718' title='bbox 1240 4834 1363 4890; x_wconf 84' lang='lat' dir='ltr'>diabolus</span> <span class='ocrx_word' id='word_1_719' title='bbox 1384 4835 1460 4904; x_wconf 91' lang='lat' dir='ltr'>prius</span> <span class='ocrx_word' id='word_1_720' title='bbox 1483 4836 1608 4890; x_wconf 82' lang='lat' dir='ltr'>audiendi</span> <span class='ocrx_word' id='word_1_721' title='bbox 1627 4835 1735 4891; x_wconf 82' lang='lat' dir='ltr'>verbum</span> <span class='ocrx_word' id='word_1_722' title='bbox 1758 4833 1807 4888; x_wconf 83' lang='lat' dir='ltr'>Dei</span> <span class='ocrx_word' id='word_1_723' title='bbox 1823 4833 1939 4887; x_wconf 74' lang='lat' dir='ltr'>elimen-</span> 
     </span>
     <span class='ocr_line' id='line_1_51' title="bbox 310 4921 1941 4998; baseline 0 -18"><span class='ocrx_word' id='word_1_724' title='bbox 310 4931 485 4988; x_wconf 75' lang='lat' dir='ltr'>enemente,</span> <span class='ocrx_word' id='word_1_725' title='bbox 497 4922 667 4978; x_wconf 85' lang='lat' dir='ltr'>etmalorum</span> <span class='ocrx_word' id='word_1_726' title='bbox 681 4921 819 4977; x_wconf 88' lang='lat' dir='ltr'>bominum</span> <span class='ocrx_word' id='word_1_727' title='bbox 833 4923 1045 4990; x_wconf 83' lang='lat' dir='ltr'>persecutiones.</span> <span class='ocrx_word' id='word_1_728' title='bbox 1153 4939 1208 4982; x_wconf 86' lang='lat' dir='ltr'>torn</span> <span class='ocrx_word' id='word_1_729' title='bbox 1226 4928 1377 4993; x_wconf 84' lang='lat' dir='ltr'>subtrabit,</span> <span class='ocrx_word' id='word_1_730' title='bbox 1395 4936 1426 4982; x_wconf 90' lang='lat' dir='ltr'>nt</span> <span class='ocrx_word' id='word_1_731' title='bbox 1445 4929 1574 4998; x_wconf 80' lang='lat' dir='ltr'>spiritalis</span> <span class='ocrx_word' id='word_1_732' title='bbox 1591 4928 1644 4983; x_wconf 91' lang='lat' dir='ltr'>eibi</span> <span class='ocrx_word' id='word_1_733' title='bbox 1663 4927 1750 4983; x_wconf 81' lang='lat' dir='ltr'>inedie</span> <span class='ocrx_word' id='word_1_734' title='bbox 1774 4924 1893 4982; x_wconf 77' lang='lat' dir='ltr'>affectos</span> <span class='ocrx_word' id='word_1_735' title='bbox 1915 4926 1941 4980; x_wconf 82' lang='lat' dir='ltr'>ia</span> 
     </span>
     <span class='ocr_line' id='line_1_52' title="bbox 347 5010 1943 5089; baseline 0.001 -19"><span class='ocrx_word' id='word_1_736' title='bbox 347 5014 470 5070; x_wconf 73' lang='lat' dir='ltr'>Vens-b.</span> <span class='ocrx_word' id='word_1_737' title='bbox 498 5042 527 5054; x_wconf 88' lang='lat'>-·</span> <span class='ocrx_word' id='word_1_738' title='bbox 544 5010 932 5082; x_wconf 78' lang='lat' dir='ltr'>Etcumaperuieeetsipillum</span> <span class='ocrx_word' id='word_1_739' title='bbox 947 5012 1099 5075; x_wconf 75' lang='lat' dir='ltr'>secundum,</span> <span class='ocrx_word' id='word_1_740' title='bbox 1152 5027 1324 5088; x_wconf 77' lang='lat' dir='ltr'>uirginentum</span> <span class='ocrx_word' id='word_1_741' title='bbox 1346 5019 1387 5073; x_wconf 92' lang='lat' dir='ltr'>sul</span> <span class='ocrx_word' id='word_1_742' title='bbox 1410 5020 1533 5089; x_wconf 90' lang='lat' dir='ltr'>corporis</span> <span class='ocrx_word' id='word_1_743' title='bbox 1551 5018 1657 5074; x_wconf 78' lang='lat' dir='ltr'>facilius</span> <span class='ocrx_word' id='word_1_744' title='bbox 1676 5026 1775 5072; x_wconf 82' lang='lat' dir='ltr'>sumet.</span> <span class='ocrx_word' id='word_1_745' title='bbox 1793 5016 1874 5073; x_wconf 85' lang='lat' dir='ltr'>Unde</span> <span class='ocrx_word' id='word_1_746' title='bbox 1897 5031 1943 5086; x_wconf 85' lang='lat' dir='ltr'>per</span> 
     </span>
     <span class='ocr_line' id='line_1_53' title="bbox 313 5095 1943 5177; baseline -0.001 -18"><span class='ocrx_word' id='word_1_747' title='bbox 313 5104 402 5162; x_wconf 81' lang='lat' dir='ltr'>oudini</span> <span class='ocrx_word' id='word_1_748' title='bbox 416 5102 559 5159; x_wconf 71' lang='lat' dir='ltr'>mundum</span> <span class='ocrx_word' id='word_1_749' title='bbox 576 5100 676 5156; x_wconf 82' lang='lat' dir='ltr'>ammei</span> <span class='ocrx_word' id='word_1_750' title='bbox 689 5101 799 5158; x_wconf 82' lang='lat' dir='ltr'>dicens:</span> <span class='ocrx_word' id='word_1_751' title='bbox 817 5099 893 5168; x_wconf 83' lang='lat' dir='ltr'>Veni,</span> <span class='ocrx_word' id='word_1_752' title='bbox 907 5111 931 5156; x_wconf 89' lang='lat' dir='ltr'>et</span> <span class='ocrx_word' id='word_1_753' title='bbox 943 5095 1014 5156; x_wconf 83' lang='lat' dir='ltr'>uide.</span> <span class='ocrx_word' id='word_1_754' title='bbox 1030 5101 1100 5169; x_wconf 80' lang='lat' dir='ltr'>Quid</span> <span class='ocrx_word' id='word_1_755' title='bbox 1152 5107 1309 5176; x_wconf 79' lang='lat' dir='ltr'>proplietam</span> <span class='ocrx_word' id='word_1_756' title='bbox 1332 5106 1460 5162; x_wconf 84' lang='lat' dir='ltr'>Dominus</span> <span class='ocrx_word' id='word_1_757' title='bbox 1486 5108 1551 5163; x_wconf 88' lang='lat' dir='ltr'>dicit</span> <span class='ocrx_word' id='word_1_758' title='bbox 1576 5122 1585 5162; x_wconf 76' lang='grc' dir='ltr'><strong><em>ε</em></strong></span> <span class='ocrx_word' id='word_1_759' title='bbox 1610 5107 1677 5163; x_wconf 80' lang='lat' dir='ltr'>Ecce</span> <span class='ocrx_word' id='word_1_760' title='bbox 1694 5123 1745 5177; x_wconf 76' lang='lat' dir='ltr'>ego</span> <span class='ocrx_word' id='word_1_761' title='bbox 1771 5109 1878 5162; x_wconf 73' lang='lat' dir='ltr'>mittam</span> <span class='ocrx_word' id='word_1_762' title='bbox 1904 5108 1943 5176; x_wconf 77' lang='lat' dir='ltr'>[e-</span> 
     </span>
     <span class='ocr_line' id='line_1_54' title="bbox 312 5192 1941 5269; baseline -0.001 -15"><span class='ocrx_word' id='word_1_763' title='bbox 312 5204 355 5254; x_wconf 77' lang='lat' dir='ltr'>cel</span> <span class='ocrx_word' id='word_1_764' title='bbox 375 5194 447 5266; x_wconf 72' lang='lat' dir='ltr'>qood</span> <span class='ocrx_word' id='word_1_765' title='bbox 473 5194 501 5249; x_wconf 87' lang='lat' dir='ltr'>in</span> <span class='ocrx_word' id='word_1_766' title='bbox 525 5208 607 5249; x_wconf 72' lang='lat' dir='ltr'>eausa</span> <span class='ocrx_word' id='word_1_767' title='bbox 627 5192 750 5248; x_wconf 88' lang='lat' dir='ltr'>dissimili</span> <span class='ocrx_word' id='word_1_768' title='bbox 768 5192 864 5248; x_wconf 86' lang='lat' dir='ltr'>similis</span> <span class='ocrx_word' id='word_1_769' title='bbox 886 5192 916 5248; x_wconf 82' lang='lat' dir='ltr'>tr</span> <span class='ocrx_word' id='word_1_770' title='bbox 937 5194 1101 5250; x_wconf 73' lang='lat' dir='ltr'>admonitio?</span> <span class='ocrx_word' id='word_1_771' title='bbox 1152 5198 1661 5269; x_wconf 65' lang='lat' dir='ltr'>memiuterrammouiurnempenis,</span> <span class='ocrx_word' id='word_1_772' title='bbox 1676 5214 1757 5269; x_wconf 78' lang='lat' dir='ltr'>neque</span> <span class='ocrx_word' id='word_1_773' title='bbox 1771 5198 1846 5252; x_wconf 75' lang='lat' dir='ltr'>sitim</span> <span class='ocrx_word' id='word_1_774' title='bbox 1858 5212 1941 5268; x_wconf 70' lang='lat' dir='ltr'>oque,</span> 
     </span>
     <span class='ocr_line' id='line_1_55' title="bbox 313 5284 1941 5362; baseline -0.002 -17"><span class='ocrx_word' id='word_1_775' title='bbox 313 5289 366 5345; x_wconf 75' lang='lat' dir='ltr'>sisi</span> <span class='ocrx_word' id='word_1_776' title='bbox 390 5288 453 5359; x_wconf 80' lang='lat' dir='ltr'>qaia</span> <span class='ocrx_word' id='word_1_777' title='bbox 476 5286 546 5342; x_wconf 83' lang='lat' dir='ltr'>sieut</span> <span class='ocrx_word' id='word_1_778' title='bbox 560 5285 597 5341; x_wconf 91' lang='lat' dir='ltr'>ibi</span> <span class='ocrx_word' id='word_1_779' title='bbox 620 5285 712 5341; x_wconf 78' lang='lat' dir='ltr'>letitia</span> <span class='ocrx_word' id='word_1_780' title='bbox 733 5284 767 5341; x_wconf 91' lang='lat' dir='ltr'>de</span> <span class='ocrx_word' id='word_1_781' title='bbox 787 5293 897 5356; x_wconf 83' lang='lat' dir='ltr'>peracte</span> <span class='ocrx_word' id='word_1_782' title='bbox 918 5286 1044 5350; x_wconf 82' lang='lat' dir='ltr'>uictoria,</span> <span class='ocrx_word' id='word_1_783' title='bbox 1063 5286 1103 5342; x_wconf 88' lang='lat' dir='ltr'>sic</span> <span class='ocrx_word' id='word_1_784' title='bbox 1152 5287 1197 5341; x_wconf 83' lang='lat' dir='ltr'>red</span> <span class='ocrx_word' id='word_1_785' title='bbox 1209 5287 1333 5342; x_wconf 85' lang='lat' dir='ltr'>audiendi</span> <span class='ocrx_word' id='word_1_786' title='bbox 1346 5287 1449 5342; x_wconf 76' lang='lat' dir='ltr'>uerbum</span> <span class='ocrx_word' id='word_1_787' title='bbox 1463 5288 1512 5342; x_wconf 83' lang='lat' dir='ltr'>Dei</span> <span class='ocrx_word' id='word_1_788' title='bbox 1527 5287 1628 5362; x_wconf 78' lang='lat' dir='ltr'>(Arnas,</span> <span class='ocrx_word' id='word_1_789' title='bbox 1645 5305 1705 5353; x_wconf 81' lang='grc' dir='ltr'><strong>ιιιι,</strong></span> <span class='ocrx_word' id='word_1_790' title='bbox 1721 5290 1778 5361; x_wconf 86' lang='grc' dir='ltr'><strong>ιι).</strong></span> <span class='ocrx_word' id='word_1_791' title='bbox 1802 5288 1864 5350; x_wconf 84' lang='lat' dir='ltr'>lloc</span> <span class='ocrx_word' id='word_1_792' title='bbox 1874 5289 1941 5344; x_wconf 85' lang='lat' dir='ltr'>eaier</span> 
     </span>
     <span class='ocr_line' id='line_1_56' title="bbox 314 5373 1943 5446; baseline -0.002 -12"><span class='ocrx_word' id='word_1_793' title='bbox 314 5379 396 5434; x_wconf 81' lang='lat' dir='ltr'>etiarn</span> <span class='ocrx_word' id='word_1_794' title='bbox 417 5376 463 5433; x_wconf 89' lang='lat' dir='ltr'>bie</span> <span class='ocrx_word' id='word_1_795' title='bbox 485 5374 637 5432; x_wconf 89' lang='lat' dir='ltr'>sollicitudo</span> <span class='ocrx_word' id='word_1_796' title='bbox 650 5375 683 5429; x_wconf 87' lang='lat' dir='ltr'>de</span> <span class='ocrx_word' id='word_1_797' title='bbox 702 5373 792 5429; x_wconf 86' lang='lat' dir='ltr'>loturo</span> <span class='ocrx_word' id='word_1_798' title='bbox 805 5375 953 5431; x_wconf 88' lang='lat' dir='ltr'>certamine</span> <span class='ocrx_word' id='word_1_799' title='bbox 967 5375 1102 5430; x_wconf 82' lang='lat' dir='ltr'>ministra-</span> <span class='ocrx_word' id='word_1_800' title='bbox 1153 5375 1281 5432; x_wconf 76' lang='lat' dir='ltr'>briminus</span> <span class='ocrx_word' id='word_1_801' title='bbox 1303 5377 1359 5446; x_wconf 81' lang='lat' dir='ltr'>ogit</span> <span class='ocrx_word' id='word_1_802' title='bbox 1379 5378 1541 5439; x_wconf 86' lang='lat' dir='ltr'>deserendo.</span> <span class='ocrx_word' id='word_1_803' title='bbox 1565 5379 1688 5434; x_wconf 81' lang='lat' dir='ltr'>diabolus</span> <span class='ocrx_word' id='word_1_804' title='bbox 1706 5375 1873 5434; x_wconf 78' lang='lat' dir='ltr'>invadendo.</span> <span class='ocrx_word' id='word_1_805' title='bbox 1893 5377 1943 5431; x_wconf 79' lang='lat' dir='ltr'>Sel</span> 
     </span>
     <span class='ocr_line' id='line_1_57' title="bbox 316 5462 1943 5539; baseline 0.001 -19"><span class='ocrx_word' id='word_1_806' title='bbox 316 5472 369 5520; x_wconf 84' lang='lat' dir='ltr'>tur.</span> <span class='ocrx_word' id='word_1_807' title='bbox 382 5466 474 5538; x_wconf 75' lang='lat' dir='ltr'>(iens</span> <span class='ocrx_word' id='word_1_808' title='bbox 491 5463 532 5536; x_wconf 78' lang='lat' dir='ltr'>b.)</span> <span class='ocrx_word' id='word_1_809' title='bbox 545 5462 579 5519; x_wconf 76' lang='lat' dir='ltr'>Et</span> <span class='ocrx_word' id='word_1_810' title='bbox 600 5465 678 5520; x_wconf 76' lang='lat' dir='ltr'>exirit</span> <span class='ocrx_word' id='word_1_811' title='bbox 690 5464 758 5520; x_wconf 81' lang='lat' dir='ltr'>alius</span> <span class='ocrx_word' id='word_1_812' title='bbox 775 5482 855 5537; x_wconf 70' lang='lat' dir='ltr'>epure</span> <span class='ocrx_word' id='word_1_813' title='bbox 869 5466 957 5536; x_wconf 74' lang='lat' dir='ltr'>rusus,</span> <span class='ocrx_word' id='word_1_814' title='bbox 970 5475 995 5520; x_wconf 87' lang='lat' dir='ltr'>et</span> <span class='ocrx_word' id='word_1_815' title='bbox 1005 5467 1050 5536; x_wconf 78' lang='lat' dir='ltr'>qui</span> <span class='ocrx_word' id='word_1_816' title='bbox 1064 5483 1103 5520; x_wconf 78' lang='lat' dir='ltr'>ee·</span> <span class='ocrx_word' id='word_1_817' title='bbox 1151 5468 1285 5537; x_wconf 86' lang='lat' dir='ltr'>quomodo</span> <span class='ocrx_word' id='word_1_818' title='bbox 1297 5477 1409 5538; x_wconf 87' lang='lat' dir='ltr'>possunt</span> <span class='ocrx_word' id='word_1_819' title='bbox 1419 5469 1474 5538; x_wconf 86' lang='lat' dir='ltr'>pati</span> <span class='ocrx_word' id='word_1_820' title='bbox 1489 5468 1559 5524; x_wconf 84' lang='lat' dir='ltr'>bunc</span> <span class='ocrx_word' id='word_1_821' title='bbox 1571 5469 1670 5524; x_wconf 83' lang='lat' dir='ltr'>lamcm</span> <span class='ocrx_word' id='word_1_822' title='bbox 1684 5468 1732 5539; x_wconf 81' lang='lat' dir='ltr'>qui</span> <span class='ocrx_word' id='word_1_823' title='bbox 1745 5476 1812 5522; x_wconf 88' lang='lat' dir='ltr'>sunt</span> <span class='ocrx_word' id='word_1_824' title='bbox 1827 5466 1943 5522; x_wconf 74' lang='lat' dir='ltr'>frumeu-</span> 
     </span>
     <span class='ocr_line' id='line_1_58' title="bbox 315 5552 1944 5630; baseline 0.006 -22"><span class='ocrx_word' id='word_1_825' title='bbox 315 5552 389 5608; x_wconf 74' lang='lat' dir='ltr'>debon</span> <span class='ocrx_word' id='word_1_826' title='bbox 412 5569 573 5624; x_wconf 72' lang='lat' dir='ltr'>supereum,</span> <span class='ocrx_word' id='word_1_827' title='bbox 595 5555 739 5609; x_wconf 78' lang='lat' dir='ltr'>duremort</span> <span class='ocrx_word' id='word_1_828' title='bbox 756 5555 781 5609; x_wconf 90' lang='lat' dir='ltr'>ei</span> <span class='ocrx_word' id='word_1_829' title='bbox 798 5564 1055 5627; x_wconf 82' lang='lat' dir='ltr'>utaumerrtperem</span> <span class='ocrx_word' id='word_1_830' title='bbox 1071 5557 1103 5613; x_wconf 84' lang='lat' dir='ltr'>rie</span> <span class='ocrx_word' id='word_1_831' title='bbox 1153 5568 1209 5613; x_wconf 91' lang='lat' dir='ltr'>turn</span> <span class='ocrx_word' id='word_1_832' title='bbox 1229 5558 1287 5624; x_wconf 83' lang='lat' dir='ltr'>bet,</span> <span class='ocrx_word' id='word_1_833' title='bbox 1302 5560 1393 5612; x_wconf 82' lang='lat' dir='ltr'>uinum</span> <span class='ocrx_word' id='word_1_834' title='bbox 1415 5559 1564 5614; x_wconf 79' lang='lat' dir='ltr'>etolenrn?</span> <span class='ocrx_word' id='word_1_835' title='bbox 1588 5561 1642 5615; x_wconf 88' lang='lat' dir='ltr'>imo</span> <span class='ocrx_word' id='word_1_836' title='bbox 1661 5560 1803 5630; x_wconf 81' lang='lat' dir='ltr'>potiantur</span> <span class='ocrx_word' id='word_1_837' title='bbox 1818 5560 1889 5613; x_wconf 81' lang='lat' dir='ltr'>banc</span> <span class='ocrx_word' id='word_1_838' title='bbox 1903 5573 1944 5618; x_wconf 62' lang='lat' dir='ltr'>u*</span> 
     </span>
    </p>
   </div>
   <div class='ocr_carea' id='block_1_7' title="bbox 0 0 2067 6192">
    <p class='ocr_par' dir='ltr' id='par_1_8' title="bbox 0 0 2067 6192">
     <span class='ocr_line' id='line_1_59' title="bbox 0 0 2067 6192; baseline 0 0"><span class='ocrx_word' id='word_1_839' title='bbox 0 0 2067 6192; x_wconf 95' lang='lat' dir='ltr'> </span> 
     </span>
    </p>
   </div>
  </div>
 </body>
</html>
