4075 6192
202 331 255 389 703

627 335 656 389 B.
678 333 709 387 F.
728 332 842 388 ahalai
863 331 929 389 SEU
948 331 1086 388 atentia
1104 331 1356 390 brandalenus
1375 333 1406 389 ll.

1787 339 1838 395 tat

195 451 285 521 iustus
306 450 414 523 (llatth.
433 464 458 512 v,
480 446 526 509 65,
539 446 595 516 tt).
616 445 692 512 Quod
710 454 802 502 autem
816 447 868 509 ait,
882 453 995 500 eventus
1008 445 1033 506 Α
1046 443 1130 507 achas,
1146 454 1174 499 et
1186 444 1298 510 invidia,
1312 452 1340 500 et
1353 446 1498 510 emulatio,
1513 460 1594 515 quaro
1609 449 1763 505 habuerunt
1776 464 1842 508 coa·

198 552 242 601 est
255 558 325 600 unas
338 538 559 608 omuibus,jasto
576 545 604 591 ct
623 537 716 607 impio,
735 538 792 592 sive
809 537 996 609 augtstiaram

198 633 257 690 sire
278 631 374 687 mortis
393 627 530 699 signideat
546 636 682 684 eventum.
705 628 767 684 lieo
789 643 840 684 nec
862 629 997 684 charitate

198 725 247 782 Dei
257 723 353 794 dignos
364 722 408 775 vel
421 721 483 776 olio
494 721 598 791 scip-os
608 736 667 776 esse
679 720 842 791 intelligant.
856 719 913 775 lloe
924 719 996 776 enirn

197 814 345 886 pessitmm
358 827 420 869 esse
431 813 551 868 omniura
565 828 626 882 qaae
639 812 689 866 sab
699 811 755 867 sole
768 818 832 866 sant
844 811 923 877 dixit,
933 811 995 879 quia

199 905 272 964 nulla
282 906 412 964 diseretio
426 906 470 961 hic
480 920 541 960 esse
552 905 578 959 ri
588 904 658 959 letar
675 905 746 960 inter
759 903 844 960 honos
856 910 885 958 et
900 903 995 961 malos.

198 1009 227 1056 et
243 999 296 1055 hoe
312 999 383 1069 apud
397 999 500 1067 eosqui
514 1012 575 1050 cura
593 996 726 1066 Propheta
745 1010 798 1050 aaa
816 995 956 1050 intrahunt
970 994 997 1050 ia

199 1092 386 1149 sanctuarinm
398 1089 455 1155 Dei,
468 1097 498 1142 at
507 1086 658 1157 intelligant
668 1086 814 1142 novissima
828 1100 933 1141 eorum.

235 1222 317 1279 Vsus.
336 1221 364 1276 l.
382 1253 418 1262 -
440 1217 514 1274 Unde
532 1229 556 1273 et
571 1218 651 1282 corda
665 1216 782 1285 filioram
797 1215 932 1270 ltuminam
946 1215 997 1269 int-

199 1316 305 1388 plentur
318 1314 420 1369 tualin’u
439 1322 464 1367 et
478 1320 626 1381 contemptu
640 1309 667 1363 iu
684 1309 737 1362 nitu
750 1325 811 1372 suu,
830 1318 854 1362 et
871 1316 928 1378 poet
943 1306 998 1362 hau

200 1407 236 1462 ud
250 1406 348 1476 inferus
362 1405 534 1459 deducentur.
552 1401 636 1457 Nemo
650 1413 687 1456 eet
701 1401 747 1473 qui
759 1417 860 1471 seraper
872 1400 959 1464 uiuat,
974 1408 999 1453 et

197 1501 242 1571 qai
255 1498 335 1570 hujus
349 1499 386 1552 rei
404 1497 498 1551 iubeat
513 1495 650 1567 fiduciam.
665 1494 796 1550 Eamdenr
820 1508 929 1548 sensum
953 1508 999 1547 re·

198 1591 281 1663 plicat
301 1605 382 1662 quern
404 1597 469 1643 ante
490 1589 590 1659 posuit,
614 1588 677 1656 quia
691 1601 849 1643 communes
868 1584 999 1654 angrrstiae

198 1682 279 1755 435
292 1682 381 1754 justos
393 1688 420 1735 et
433 1678 547 1750 iujustas
567 1685 704 1750 premunt.
723 1676 786 1729 lrleo
803 1675 862 1729 siae
875 1683 998 1744 respectu

200 1771 326 1829 lrornines
338 1786 452 1843 peccare
471 1785 524 1824 aon
540 1774 678 1833 metuunt,
693 1768 755 1837 quia
770 1766 796 1820 iu
815 1766 941 1836 praesenti
953 1765 999 1836 ju·
1016 1794 1037 1852 fl

199 1866 300 1920 dicium
320 1865 367 1919 Dei
388 1878 441 1918 nou
458 1862 552 1916 rident
565 1876 647 1931 super
662 1860 770 1929 impios,
788 1859 833 1929 qui
850 1857 940 1912 sabito
954 1871 999 1911 ta·

199 1956 311 2026 piantur
329 1969 378 2026 pro
392 1952 512 2024 peccatis
524 1951 559 2006 ad
573 1949 684 2014 inieras,
701 1950 764 2005 dum
779 1964 828 2003 uec
840 1963 949 2018 seraper
962 1964 1001 2002 rt-

200 2060 264 2101 vere
282 2051 443 2116 potestatem
460 2042 572 2107 lrabeat,
589 2056 639 2096 nee
654 2040 724 2094 rullus
739 2048 794 2093 tarn
807 2049 903 2110 potens
917 2046 959 2094 est
973 2038 1000 2092 in

199 2137 310 2203 sucula,
330 2137 377 2206 qai
400 2137 481 2207 hrtjus
507 2135 555 2201 rei,
581 2135 607 2188 irl
629 2141 682 2199 est,
706 2134 765 2188 siae
788 2142 875 2188 morte
898 2133 1000 2195 vivere,

200 2226 357 2283 facultatem
377 2226 478 2282 habere
497 2226 595 2280 valeat.
612 2224 688 2280 liade
703 2224 729 2278 ln
745 2224 920 2294 sequentibus
936 2237 1000 2278 anot

200 2315 324 2388 adjrtnglt
340 2333 346 2368 :

1049 543 1091 589 tra
1104 535 1243 592 Christum
1256 544 1284 589 et
1299 535 1444 605 apostolos,
1459 537 1562 606 pariter
1574 538 1663 608 periit.

1084 628 1165 684 Vens.
1179 627 1206 682 7.
1220 657 1257 670 -
1274 626 1347 684 Vade
1360 644 1421 699 erpo
1434 639 1459 683 et
1476 630 1581 684 comede
1596 632 1625 684 in
1638 630 1731 686 iutitiu
1749 648 1843 704 punctu

1048 727 1131 782 tuum,
1145 727 1169 773 et
1182 717 1240 773 nite
1254 718 1282 772 itt
1294 718 1392 788 gaudio
1403 719 1491 772 uiuunt
1503 726 1588 784 tuum,
1601 721 1664 787 quia
1676 720 1778 791 placeat
1790 722 1845 780 Dee

1048 822 1128 877 opera
1147 817 1204 862 tau.
1223 807 1317 863 liuius
1336 807 1394 863 line
1413 809 1513 873 omnia,
1537 809 1606 865 sieut
1624 824 1696 881 saepe
1716 812 1843 884 diximus,

1048 897 1208 966 spiritaliter
1221 897 1409 970 intelligantur
1418 913 1500 969 qaaar
1514 900 1669 966 carnaliter,
1684 916 1719 956 ne
1733 899 1804 958 iorte
1818 905 1845 959 ia

1049 986 1158 1056 Epicuri
1181 987 1278 1057 dogma
1299 1003 1426 1052 ruamus,
1443 987 1490 1057 qai
1512 987 1619 1043 beatam
1639 991 1783 1046 estimavlt
1806 992 1845 1047 vi·

1051 1085 1114 1140 uta,
1129 1078 1250 1148 corporis
1263 1076 1487 1133 delectationibus
1499 1077 1552 1134 lrul
1567 1097 1573 1133 :
1590 1080 1643 1135 uisi
1656 1080 1726 1137 lorte
1739 1084 1846 1138 concin-

1050 1166 1154 1220 natoris
1170 1181 1247 1221 more
1258 1166 1424 1222 aestimemus
1438 1166 1610 1224 Salomonem
1623 1171 1696 1241 vulgi
1710 1173 1805 1240 verba,
1818 1181 1848 1229 et

1050 1269 1147 1309 sensus
1169 1269 1204 1309 ex
1230 1270 1279 1311 sua
1301 1271 1418 1326 persona
1441 1254 1575 1328 prolerre.
1603 1259 1731 1317 Dicamus
1757 1262 1848 1319 altirui

1050 1361 1132 1401 sensa
1152 1363 1158 1399 :
1181 1345 1250 1412 Quia
1268 1347 1386 1403 didicisti
1405 1349 1491 1418 priori
1511 1351 1659 1418 sententia,
1675 1355 1746 1424 qaod
1761 1363 1850 1411 morie

1050 1437 1141 1492 urania
1164 1437 1306 1505 finiantur,
1331 1450 1360 1494 et
1380 1439 1408 1494 in
1428 1438 1533 1496 inferno
1556 1455 1610 1498 non
1632 1444 1669 1499 sit
1689 1447 1849 1515 peonitentia

1051 1525 1267 1592 tironumque
1280 1529 1378 1600 aliquis
1392 1529 1501 1585 uirtutis
1514 1547 1656 1599 recursum
1677 1534 1740 1589 dunt
1753 1537 1781 1590 in
1797 1537 1850 1595 isto

1051 1619 1150 1675 meula
1161 1632 1201 1686 es,
1219 1618 1327 1686 lestina,
1346 1622 1490 1688 contende,
1503 1637 1553 1692 age
1567 1623 1769 1692 penitentiam
1784 1627 1851 1681 dum

1052 1709 1136 1766 habes
1154 1720 1271 1781 tempas,
1287 1710 1395 1778 lahora;
1417 1712 1533 1768 libenter
1551 1713 1623 1769 euim
1646 1714 1719 1771 Deus
1737 1717 1851 1789 suscipit

1051 1805 1255 1874 paenitentiam
1269 1811 1296 1859 et
1308 1805 1419 1860 comede
1429 1820 1527 1876 panem
1544 1807 1696 1873 charitatis,
1712 1814 1741 1862 et
1757 1810 1850 1865 riuum

979 1947 986 1960 ,
1052 1896 1191 1966 sapientiae
1202 1896 1275 1962 hihe,
1286 1904 1318 1952 ut
1326 1896 1383 1953 Deo
1392 1897 1518 1967 placeant
1526 1914 1609 1969 opera
1620 1893 1679 1964 tua,
1689 1902 1759 1956 sicut
1769 1917 1851 1958 verus

1051 1987 1230 2046 Ecclesiastes
1249 1989 1274 2044 in
1294 1989 1440 2062 Evangeho
1456 1992 1544 2046 dicit:
1562 1991 1613 2059 Qui
1626 1995 1693 2059 sitit,
1712 1996 1796 2050 uenat
1813 1996 1852 2050 ad

1050 2095 1092 2134 nte
1104 2088 1127 2133 et
1140 2078 1211 2134 iiiut
1225 2079 1314 2152 (laun.
1329 2096 1379 2147 vu,
1394 2082 1451 2154 bl).
1467 2082 1501 2139 Et
1515 2083 1541 2139 in
1557 2084 1711 2143 Proverbiis
1723 2104 1731 2143 t
1748 2084 1850 2154 Venite,

1051 2171 1177 2225 comedite
1194 2187 1305 2242 paueat,
1322 2182 1346 2227 ct
1366 2171 1650 2246 ciuitatiumque
1668 2178 1762 2232 miscui
1776 2181 1850 2234 nobit

1052 2260 1144 2331 (Pron.
1160 2278 1199 2327 ιι,
1214 2261 1253 2331 5).

1087 2350 1169 2406 tras.
1184 2352 1211 2407 8.
1225 2381 1261 2392 -
1275 2350 1354 2408 Omni
1365 2361 1480 2425 tempore
1493 2357 1544 2410 tint
1558 2357 1710 2412 uestimenta
1724 2368 1771 2412 tna
1784 2375 1851 2414 ean»

235 2452 318 2507 Vnae.
331 2450 360 2516 5,
374 2450 400 2505 6.
412 2479 448 2492 -
458 2449 554 2504 ileliae
563 2460 600 2505 est
613 2449 686 2504 cuuis
700 2451 785 2505 ariacas
798 2448 1001 2514 lustramentum·
1052 2439 1127 2506 dida,
1145 2452 1169 2496 tl
1183 2441 1270 2497 vitum
1286 2443 1319 2498 de
1330 2445 1415 2515 cupite
1428 2453 1474 2501 ⁸¹10
1485 2463 1538 2502 που
1549 2446 1664 2515 defidat-
1679 2447 1790 2511 Habeto,
1808 2450 1853 2503 ln·

200 2544 312 2598 sirenes
331 2543 401 2596 enim
420 2542 507 2596 seium
530 2558 558 2596 te
578 2557 634 2596 esse
654 2542 806 2605 morituros,
825 2541 923 2595 mortui
944 2557 1001 2596 reru
1052 2535 1122 2603 (lull,
1137 2548 1236 2604 wihus
1248 2535 1378 2590 mundum
1392 2544 1549 2603 Olenium,
1561 2545 1589 2593 θῑ
1601 2547 1660 2594 0⁸⁸⁰
1671 2540 1851 2596 miserium:

203 2631 270 2687 anihil
285 2640 411 2687 nouerant
432 2630 554 2702 amplius,
577 2646 623 2685 nee
642 2629 738 2686 ltuicut
758 2631 828 2685 ultra
848 2631 999 2693 mercedem,
1053 2623 1106 2679 ¹¹⁰0
1125 2631 1176 2690 081,
1199 2624 1271 2695 quud
1292 2625 1320 2681 ln
1340 2626 1487 2698 Evangelia
1506 2629 1565 2698 ipsu
1585 2630 1770 2686 variasset:
1790 2630 1853 2688 siat

200 2724 263 2795 quta
282 2722 406 2778 apletium·
424 2723 489 2778 daia
509 2731 547 2778 m
567 2722 693 2777 memoria
713 2739 812 2778 eoram,
834 2722 916 2777 Amor
935 2739 1003 2794 quo.
1053 2712 1225 2770 tamitana·
1238 2716 1383 2786 precinui,
1398 2725 1421 2770 et
1436 2716 1550 2772 lacerate
1562 2718 1851 2775 uadentest'nntuttihus

199 2833 260 2888 que,
273 2825 297 2871 ct
310 2816 409 2879 adium,
428 2825 452 2871 et
470 2816 570 2870 inuidia
588 2813 669 2869 simul
684 2816 827 2887 perierunt,
844 2832 890 2870 uec
907 2814 1002 2869 hubent
1053 2810 1145 2863 uenus
1159 2807 1237 2881 (118⁶-
1249 2824 1299 2874 ¹¹¹2
1313 2808 1370 2880 st).
1383 2808 1414 2864 1ss
1426 2810 1571 2880 iilaesslsscill
1584 2812 1737 2867 castitatem
1752 2827 1851 2883 οοφο·

200 2914 301 2975 purteat
320 2906 348 2960 ia
366 2905 475 2970 sucula,
495 2916 519 2960 et
538 2906 566 2959 in
584 2921 662 2976 opere
674 2905 744 2976 quod
762 2904 810 2959 aab
824 2904 878 2960 aule
891 2906 1001 2976 peritur.
1053 2902 1093 2957 ris
1114 2901 1258 2972 signifieat,
1281 2910 1309 2956 et
1331 2903 1358 2957 in
1379 2902 1498 2957 lacernis
1519 2903 1686 2967 ardentibus,
1710 2919 1770 2972 qu‘e
1790 2902 1852 2959 olen

201 2998 279 3064 Quoi
302 3005 393 3053 auum
416 3013 499 3067 supra
517 2998 640 3063 dixerat,
660 3012 709 3052 eor
727 2997 844 3052 stliourm
862 2998 1002 3054 bominum
1054 2992 1162 3047 alantur
1173 2994 1306 3048 benorum
1319 3007 1441 3063 operum,
1454 2994 1597 3050 eandorem
1611 3002 1639 3051 et
1648 2994 1851 3066 predicationis

202 3085 310 3158 impleri
334 3086 437 3141 malitia
461 3096 490 3143 et
512 3088 672 3158 iniquitate,
698 3097 726 3144 et
747 3097 808 3159 post
830 3089 889 3144 hee
911 3089 1003 3144 omnia
1016 3134 1039 3196 C
1054 3082 1152 3137 lucem.
1168 3083 1226 3140 lloc
1238 3083 1298 3141 olen
1312 3084 1402 3141 vultus
1415 3094 1510 3142 noster
1518 3086 1708 3144 exhilarandus
1722 3095 1783 3144 est:
1798 3087 1852 3142 hoe

204 3185 292 3230 rnorte
311 3174 394 3239 liniri,
413 3177 593 3232 transeudum
610 3176 729 3248 complet
744 3185 773 3232 et
791 3181 898 3246 repetit,
917 3177 1003 3234 donec
1050 3171 1205 3244 jejunantes
1218 3182 1385 3246 unguentum
1403 3176 1534 3247 incapite
1551 3177 1685 3244 habeant,
1698 3178 1769 3247 quod
1786 3192 1852 3248 pec·

204 3266 297 3321 vivant
308 3265 442 3331 homiues,
455 3282 536 3336 posse
551 3283 599 3323 cos
614 3269 703 3338 justos
719 3267 793 3333 deri,
807 3277 869 3339 post
885 3278 1002 3324 mortem
1053 3275 1160 3321 catares
1170 3264 1272 3321 hahere
1282 3279 1335 3322 uon
1345 3275 1467 3338 possunt,
1478 3282 1594 3338 quoram
1607 3267 1647 3322 vir
1656 3267 1744 3338 justas
1756 3265 1849 3322 ubam

203 3368 270 3409 vero
283 3352 386 3409 uallata
404 3354 468 3410 bnui
486 3357 576 3425 operis
594 3358 765 3411 occasionem
782 3357 852 3411 dari.
873 3357 1004 3413 Peccator
1053 3359 1214 3424 detestatur,
1230 3357 1276 3413 ulti
1292 3359 1353 3413 ait:
1373 3356 1465 3413 Oleum
1480 3360 1624 3431 peccaturis
1637 3376 1688 3414 uun
1705 3360 1851 3431 impinguet

203 3444 277 3500 enim
296 3445 402 3511 virens,
421 3458 502 3514 quern
519 3444 579 3499 caui
598 3446 781 3516 comparavit,
800 3454 889 3517 potest
909 3448 1004 3506 melior
1053 3460 1131 3522 capnt
1144 3467 1229 3505 meum
1245 3450 1333 3523 (Paul.
1347 3467 1409 3517 cxc,
1424 3450 1462 3524 5).
1479 3451 1555 3517 Quod
1568 3451 1657 3507 oleam
1668 3452 1788 3508 lteretici
1801 3452 1853 3508 aa·

203 3551 264 3592 esse
280 3537 355 3607 justo
369 3543 487 3600 mortno,
501 3550 582 3606 quem
599 3536 703 3591 leonem
723 3536 791 3590 dixit
808 3554 814 3590 :
831 3538 895 3607 qnia
910 3539 1002 3594 vivens
1053 3538 1118 3595 bere
1131 3542 1229 3604 solent,
1243 3548 1274 3595 ut
1286 3538 1449 3610 perfundant
1461 3541 1550 3611 capita
1562 3541 1745 3613 deceptorum,
1760 3540 1850 3605 idest,

203 3627 335 3698 prolicere
353 3626 453 3698 poterit
470 3625 497 3680 ia
517 3641 599 3696 oper-e
614 3625 696 3690 boun,
715 3636 839 3681 mortuns
852 3642 917 3683 vern
936 3628 1004 3683 nilril
1053 3631 1135 3686 verba
1150 3628 1254 3695 suavia,
1267 3628 1315 3683 sed
1329 3627 1441 3685 fallaciae
1454 3631 1542 3698 pleaa.

205 3726 296 3788 potest
314 3719 414 3772 adulare
429 3717 532 3771 meritis
546 3717 611 3771 suis.
627 3716 774 3773 Possumus
788 3732 895 3788 quoque
908 3732 1003 3773 canera
1088 3720 1171 3777 Vens.
1185 3720 1212 3775 9.
1226 3748 1263 3759 -
1277 3717 1418 3788 Perfruere
1431 3720 1485 3774 nitu
1497 3736 1557 3773 cunt
1570 3735 1651 3774 auare
1660 3734 1739 3791 quant
1750 3717 1848 3788 diligis,

204 3823 352 3881 pauperem
371 3808 475 3878 justuru
499 3806 648 3878 irrtrtttgre
671 3809 826 3875 viventem,
848 3818 876 3865 et
898 3810 1003 3866 leonem
1054 3812 1152 3866 cannis
1163 3808 1252 3864 diebus
1265 3809 1325 3863 nitu
1336 3807 1514 3863 instabilitatis
1528 3818 1592 3875 tan,
1602 3810 1648 3876 qai
1659 3808 1714 3863 tun
1728 3818 1788 3864 ruat
1801 3807 1851 3865 tibi

206 3907 343 3956 mortuam
362 3906 499 3969 potentem
524 3897 604 3968 hatjas
628 3899 730 3964 saculi,
752 3901 799 3969 qai
822 3900 889 3955 nihil
911 3916 1004 3956 secam
1055 3899 1101 3955 trib
1115 3898 1169 3956 aule
1183 3897 1304 3954 amnibus
1320 3897 1411 3953 dicias
1425 3900 1547 3956 sanitatis
1565 3909 1627 3954 tarr.
1650 3898 1715 3954 Hae
1729 3910 1767 3954 eat
1779 3899 1849 3952 enim

205 3990 340 4046 bonoram
354 3988 447 4045 exiens
465 3989 498 4044 de
517 3989 569 4045 lroc
587 3988 688 4044 mundo
706 3991 866 4046 meritorum
882 3991 1001 4046 abstulit.
1053 4009 1115 4064 part
1129 3993 1156 4047 in
1171 3994 1232 4057 uita,
1253 3999 1277 4045 et
1290 3991 1318 4045 iu
1332 3988 1420 4045 labore
1440 4001 1496 4056 tuo,
1517 4009 1568 4063 qao
1590 3990 1694 4047 laborm
1716 3989 1763 4045 sut
1784 3988 1848 4044 sule.

207 4081 306 4138 Sedet
327 4081 436 4136 dileetio
455 4095 562 4145 corant,
582 4090 610 4135 et
631 4080 733 4146 odiam,
753 4089 781 4136 et
799 4081 959 4150 immolatio,
977 4092 1006 4137 et
1055 4081 1220 4152 Sapientiam
1245 4095 1374 4151 sequere,
1402 4089 1430 4135 et
1456 4082 1598 4137 scientiam
1625 4081 1848 4150 Scriptorum,

205 4188 286 4236 omne
301 4173 372 4244 qaod
385 4173 411 4227 in
427 4171 524 4227 sarculo
539 4171 641 4225 hahere
656 4180 816 4241 potueruut,
831 4175 927 4229 mortis
944 4172 1004 4229 hui·
1053 4174 1136 4247 436
1155 4183 1183 4230 et
1205 4175 1276 4230 bane
1297 4172 1344 4228 tihi
1365 4173 1392 4228 iu
1409 4173 1563 4246 eonjugium
1582 4174 1688 4244 copula,
1704 4174 1737 4229 de
1750 4187 1802 4244 qua
1823 4171 1851 4226 ia

206 4273 251 4322 tar
264 4264 399 4328 adveatu,
418 4275 468 4316 aee
482 4260 556 4332 juste
570 4261 708 4331 quidpiam
721 4271 835 4331 possunt
848 4278 938 4332 agere,
954 4278 1004 4319 acc
1054 4265 1229 4320 Proverbiis:
1244 4265 1310 4320 Ama
1325 4263 1399 4320 iliam
1412 4274 1436 4320 et
1451 4265 1561 4321 seraath
1574 4275 1609 4330 te,
1621 4264 1851 4337 amplexaremur,

205 4370 334 4432 peecare;
350 4370 400 4411 nee
414 4354 528 4408 virtutes
540 4351 666 4422 adjicere,
683 4369 733 4408 nec
747 4354 823 4408 uitia.
839 4354 1004 4425 Spiritaliter
1054 4365 1077 4409 et
1097 4354 1269 4410 circumdabit
1288 4365 1313 4410 te
1329 4354 1421 4428 (Pron,
1437 4371 1474 4420 tv,
1490 4355 1529 4425 8).
1546 4354 1610 4411 Dies
1623 4355 1694 4410 euim
1709 4352 1786 4427 [illm
1801 4367 1851 4408 aa·

206 4450 290 4506 etiam
300 4446 480 4518 intelligamus
490 4443 672 4501 chananeam
682 4444 766 4512 illam,
777 4446 820 4502 cai
832 4447 932 4503 dictam
943 4443 1000 4502 e'st:
1016 4445 1120 4537 ntem]
1134 4446 1271 4512 vanitatis,
1290 4446 1350 4502 dies
1368 4446 1449 4517 hujus
1462 4447 1553 4503 saeculi
1572 4461 1687 4517 nequam
1704 4445 1849 4518 signifieat,

206 4541 288 4596 fides
301 4551 347 4594 tau
357 4550 382 4594 tc
391 4537 490 4593 salvant
504 4537 564 4608 {ecit
578 4536 686 4609 (natta.
701 4552 738 4603 tx,
751 4536 809 4609 ᾗ),
820 4537 1001 4609 canemjuxia

207 4629 381 4701 Evangelium
398 4641 475 4693 csse;
499 4628 603 4681 leonem
624 4626 711 4699 [staro]
731 4635 867 4684 mortuum
885 4628 1001 4685 circuta-

206 4718 316 4776 eisinnis
329 4716 468 4789 populant,
484 4716 553 4770 sicut
565 4715 674 4770 Balaam
687 4717 818 4786 propheta
831 4717 896 4772 dicit
909 4736 915 4770 ε
932 4716 1000 4771 Erre

204 4811 327 4884 pupulus,
343 4821 371 4864 ut
386 4807 487 4863 cutains
507 4806 600 4872 leonis,
614 4818 745 4879 exsurget,
761 4817 788 4861 at
806 4808 846 4863 leu
865 4808 1000 4864 exsultant

205 4903 302 4975 (Nam.
318 4918 398 4967 xxrrr,
412 4900 470 4972 il).
485 4899 568 4956 Canis
581 4901 674 4956 vivens
693 4915 743 4956 nos
756 4915 849 4956 santus
861 4916 894 4956 ex
913 4902 1002 4957 natio-

206 4994 303 5061 nibus,
320 4992 363 5048 leo
381 5007 445 5048 vero
463 5000 587 5046 mortrms
604 4989 758 5047 ludaeorum
777 4992 892 5061 populas
911 5008 927 5046 a
946 4991 1003 5049 lieo

206 5083 361 5140 derelictas.
374 5082 407 5137 Et
419 5083 515 5138 melior
525 5091 568 5138 cst
577 5083 648 5153 apud
661 5083 804 5139 Dominum
817 5081 893 5155 [qu
905 5084 1002 5158 licum]

206 5172 258 5229 iste
277 5173 353 5229 canis
368 5172 473 5238 vivens,
489 5188 571 5244 quam
588 5173 635 5230 ille
654 5172 697 5229 leo
716 5182 848 5230 mortuus.
867 5173 922 5231 Nos
939 5192 1004 5233 vero

205 5266 328 5323 viventes
341 5268 529 5339 cognoscimus
539 5266 659 5333 Patrem,
671 5277 698 5322 et
712 5265 819 5333 Filium,
833 5277 860 5324 et
872 5268 1003 5340 Spiritum

207 5367 343 5427 cunctata,
365 5359 403 5415 illi
419 5376 483 5416 vero
498 5360 596 5415 raortui
613 5359 679 5415 nihil
692 5360 792 5426 sciunt,
806 5377 855 5416 nec
867 5360 1004 5416 aistiatant

209 5446 328 5518 aliquam
343 5452 578 5522 repromissionem
591 5461 671 5523 atquc
687 5453 855 5518 mercedem,
871 5452 917 5508 sed
929 5468 1005 5509 coru-

208 5536 281 5610 pleta
301 5551 344 5598 est
356 5560 449 5601 munau
469 5546 598 5601 areanoria
620 5563 626 5599 ε
648 5562 735 5615 aeque
755 5546 936 5601 meminerant
953 5545 1003 5615 ipsi

209 5646 270 5702 qaae
291 5632 362 5689 seire
383 5637 542 5700 debuerunt,
568 5653 653 5706 neque
677 5638 784 5694 illoram
804 5638 934 5694 Domitius
946 5636 1003 5707 jam

212 5723 491 5794 recordataeque
507 5727 645 5795 prr-ierunt
659 5728 684 5780 in
698 5728 798 5782 scelere
811 5744 869 5784 sac.
884 5726 1004 5794 Quorum

1055 4537 1199 4607 dequibus
1217 4546 1245 4593 et
1261 4537 1406 4609 Apostolus
1426 4554 1480 4593 nou
1500 4546 1581 4593 tacet.
1600 4537 1717 4594 Pulchre
1730 4536 1853 4608 praecipit

1055 4637 1085 4685 at
1100 4629 1127 4684 ia
1146 4630 1241 4686 diebus
1253 4630 1382 4686 vanitatis
1400 4640 1499 4687 nostrae
1517 4646 1610 4687 veram
1630 4632 1713 4686 vitam
1728 4644 1788 4685 cnm
1806 4645 1852 4685 sa-

1054 4721 1155 4793 pientia
1170 4736 1254 4777 axore
1265 4737 1419 4793 queramus
1434 4740 1440 4776 :
1455 4722 1513 4780 haec
1527 4722 1599 4777 euim
1613 4737 1677 4791 pars
1690 4728 1782 4776 nostra
1794 4727 1851 4783 est,

1055 4822 1083 4868 et
1101 4813 1146 4868 hic
1166 4811 1267 4869 laboris
1288 4812 1402 4879 lructus,
1420 4814 1443 4869 si
1462 4813 1489 4870 in
1509 4814 1561 4868 hac
1575 4813 1630 4868 vita
1648 4810 1786 4868 umbratili
1808 4826 1855 4866 sa-

1054 4903 1184 4974 pientiam
1201 4918 1309 4971 veram,
1324 4921 1384 4976 quae
1398 4904 1529 4961 advitam
1547 4919 1597 4961 uos
1610 4904 1692 4960 ducat
1704 4911 1853 4971 aternam,

1058 4995 1179 5051 invenire
1192 4996 1340 5053 valeamus.
1473 5055 1478 5066 ,

1094 5087 1174 5144 Vens.
1191 5087 1235 5143 tlt.
1250 5117 1286 5127 -
1301 5086 1478 5158 Quodcunque
1493 5085 1579 5156 iacere
1590 5095 1672 5157 puteat
1687 5102 1781 5140 uranus
1795 5093 1854 5149 tna,

1057 5179 1185 5235 instanter
1199 5195 1317 5251 operare,
1332 5179 1394 5250 quia
1412 5194 1458 5232 nee
1471 5194 1545 5247 opus,
1560 5195 1606 5233 nee
1621 5179 1700 5246 cutio,
1713 5194 1759 5232 nee
1769 5177 1855 5233 uisn-

1057 5273 1105 5336 tt'u,
1117 5288 1162 5326 uec
1175 5271 1303 5342 sapientia
1316 5277 1392 5324 crunt
1408 5269 1478 5339 apud
1490 5267 1600 5339 inseret,
1611 5286 1662 5341 quo
1675 5277 1704 5323 tu
1716 5283 1854 5340 properus.

1057 5360 1111 5416 Fac
1123 5359 1302 5430 quodcunque
1323 5357 1387 5411 boni
1406 5356 1497 5428 operis
1517 5357 1622 5423 valeas;
1641 5373 1714 5413 uuae
1727 5356 1855 5413 laboran-

1055 5452 1117 5506 durn
1137 5449 1213 5521 [lle.
1229 5445 1333 5518 labora]
1352 5466 1358 5500 ε
1380 5447 1464 5504 hahes
1484 5456 1588 5518 tempas
1608 5447 1767 5515 laborandi,
1790 5446 1853 5517 qais

1056 5556 1129 5596 arrors
1150 5539 1207 5600 tihi,
1230 5553 1289 5608 quae
1309 5538 1408 5594 inserui
1430 5540 1538 5595 nomine
1559 5540 1725 5611 designatur,
1748 5550 1853 5610 tempus

1056 5631 1131 5687 tollet
1140 5627 1305 5700 proficiendi,
1315 5628 1451 5699 Propheta
1462 5630 1569 5686 dicente
1581 5648 1588 5686 ι
1601 5629 1730 5701 lllnttqaid
1743 5625 1853 5684 monuit

1056 5724 1137 5796 iacies
1156 5722 1298 5792 tnr'tnbt'lt'u,
1314 5731 1359 5778 aut
1376 5724 1402 5777 iu
1419 5721 1521 5795 triferae
1535 5721 1593 5796 quis
1609 5721 1776 5792 confitebitur
1788 5716 1854 5774 titii
