4075 6192
114 447 119 461 ι
205 381 237 437 ts
496 380 526 435 b.
547 380 577 434 F.
598 375 744 434 Aternus
763 375 828 433 SEU
846 371 1026 433 thedinus.
1047 404 1081 414 -—
1100 372 1283 431 PRAEFATlO
1301 373 1507 431 cunctatis.
1795 377 1830 432 18

203 512 242 560 re,
259 495 329 551 sicut
339 495 367 550 in
379 494 486 549 illerum
500 500 644 562 conspectu
656 492 727 564 typis
738 490 846 562 vulgate
855 489 988 560 significa·
1000 492 1025 551 Α
1039 490 1130 559 petitis
1143 490 1185 542 vir
1201 488 1427 552 humanissimus,
1445 485 1523 556 ruins
1538 488 1649 558 posthae
1669 488 1831 553 beneroles-

204 567 239 625 ri.
258 564 327 622 Huic
341 579 402 620 mee
416 561 548 633 desiderio
563 560 730 617 utsatislleri
745 569 852 631 posset,
865 559 989 615 laudatus
1042 561 1107 615 tiam
1128 559 1155 614 iii
1168 559 1229 613 aliis
1250 574 1357 628 queque
1379 560 1469 622 rebus,
1487 558 1559 626 quod
1578 566 1708 614 aeternae
1727 562 1763 616 ud
1778 579 1829 619 nes

204 632 343 693 'semlerus
365 632 480 687 amicum
500 632 527 685 in
555 630 684 701 Hispania
712 632 871 703 degentem,
896 630 990 684 eadent
1040 628 1170 684 memoria
1180 628 1550 691 celebrabitur,utilissimnnt
1559 638 1688 698 expertus
1700 575 1747 684 ὦ.
1764 633 1829 701 Ejus

204 722 280 778 prein
299 703 412 757 titudine
426 716 458 756 ae
470 700 528 756 zelo
542 701 575 755 ad
588 701 880 759 litteratorumlaheres
890 697 988 767 juvari-
1039 714 1104 768 ergo
1114 701 1190 769 jussu
1205 698 1375 753 doctissimus
1388 698 1419 752 1).
1428 697 1496 752 Phili
1516 713 1566 766 pus
1575 697 1727 754 [rudericus
1737 701 1830 760 hiehle

203 775 252 831 dns
264 721 399 835 aflectum,
413 771 554 835 conuenit,
577 786 673 840 nempe
690 770 722 825 D.
735 771 861 827 Ceroluio
872 768 991 824 Christo·
1039 769 1068 824 iti
1091 769 1198 823 abbatia
1217 768 1303 822 saneti
1318 767 1474 822 Germania
1511 769 1575 821 ratis
1597 768 1827 835 bibliothecarius,

204 845 319 916 phorum
339 839 420 895 Pluer
434 840 515 909 regiae
537 841 679 911 legationis
701 841 808 895 lianieae
829 838 933 892 bladriti
946 852 992 891 ec·
1039 839 1126 907 primo
1140 838 1290 919 catalogum
1303 837 1422 892 emnium
1436 838 1626 906 opusculorum
1651 853 1716 893 mss.
1731 841 1764 895 ad
1783 843 1830 895 lll-

203 913 358 976 clesiasteu3
391 910 437 980 qui
467 910 510 963 nir
531 910 755 980 praeclarissimus
780 908 856 965 ocius
882 920 990 963 etonem
1040 908 1150 963 culeum
1168 908 1372 976 pertinentium,
1394 921 1454 975 quae
1466 907 1493 961 in
1505 905 1669 962 bibliotheca
1685 910 1756 978 regia
1779 911 1830 965 Pa·

203 983 319 1053 lapidem
330 979 423 1044 movit,
437 978 547 1048 viasque
558 994 651 1039 omnes
666 980 793 1043 tentarit,
814 986 895 1046 atquo
917 975 990 1034 vires
1041 977 1147 1032 risiensi
1158 985 1317 1042 serrantur;
1330 977 1457 1046 deinceps
1473 990 1539 1031 itere
1551 977 1687 1032 variantes
1700 978 1830 1035 lectiones

203 1052 306 1115 deetes,
321 1065 389 1120 ques
401 1049 427 1102 in
444 1049 516 1103 hunc
532 1049 611 1105 briem
627 1048 764 1130 quidpiam
774 1045 897 1103 materne
910 1059 990 1114 posse
1039 1061 1144 1102 sumina
1155 1045 1291 1127 diligentia
1299 1046 1360 1100 inde
1367 1054 1517 1115 excerptas,
1530 1052 1557 1099 et
1567 1047 1829 1115 quedamanecdota

204 1122 347 1185 credebat,
369 1117 572 1188 infatigabiliter
585 1118 748 1184 sollicitavit,
775 1126 804 1172 itt
825 1116 901 1171 bisce
921 1114 991 1169 retis
1040 1117 1075 1171 ad
1091 1130 1135 1170 me
1156 1115 1239 1178 misit,
1262 1116 1389 1170 nimirum
1407 1114 1548 1237 epistelam
1560 1114 1667 1171 dleuini
1688 1118 1722 1172 ad
1745 1116 1830 1175 Geor-

204 1192 272 1247 meis
284 1188 505 1246 obsecundarent.
525 1188 624 1243 Verum
647 1194 760 1244 conatus
783 1186 855 1241 illius
875 1184 992 1254 plurima
1058 1187 1112 1239 ium
1128 1185 1308 1254 patriarcham
1326 1183 1598 1267 ierosepmitanuim
1620 1192 1647 1239 et
1670 1187 1829 1256 opusculum

204 1274 328 1331 reperere
338 1257 494 1315 obstacula:
511 1255 582 1312 iores
600 1256 672 1311 enini
686 1256 907 1313 bibliothecarum
930 1252 991 1311 illa·
1040 1203 1073 1312 fle
1088 1253 1293 1335 orthographia.
1313 1254 1398 1324 llrijirs
1419 1255 1470 1309 riri
1494 1255 1632 1310 industriae
1656 1255 1759 1327 pariter
1783 1259 1830 1313 dr-

204 1346 264 1385 rum
277 1337 415 1398 tantopere
427 1327 558 1382 obseratae
578 1336 657 1392 sunt,
677 1335 707 1381 ut
722 1326 823 1381 neniini
836 1332 991 1379 exterorum
1040 1327 1091 1381 bee
1117 1325 1239 1379 notitiam
1260 1324 1366 1380 illarum
1386 1324 1559 1393 epistolarum
1582 1340 1666 1394 quas,
1683 1328 1774 1381 tandiu
1802 1329 1828 1382 in

204 1400 239 1457 ad
258 1398 319 1454 illas
339 1412 464 1453 accessus
485 1405 596 1465 pateat,
620 1405 667 1450 net
687 1395 794 1451 codices
812 1410 877 1450 iuss.
891 1393 991 1448 ibidem
1040 1393 1210 1449 bibliothecis
1232 1392 1335 1463 angliae
1356 1393 1515 1456 conclusas,
1534 1408 1620 1464 nuper
1638 1395 1695 1450 suls
1715 1396 1831 1451 uinculis

204 1466 356 1526 reconditos
378 1466 430 1522 ulla
452 1467 555 1521 ratione
574 1466 699 1535 cuiqnam
721 1465 823 1536 pedicis
835 1461 991 1519 romanicis
1041 1464 1120 1520 soluit
1131 1464 1174 1517 iii·
1184 1462 1297 1518 illustris
1306 1463 1338 1517 1).
1359 1463 1393 1518 de
1407 1462 1575 1546 brequigny,
1590 1463 1667 1534 cujus
1679 1479 1762 1535 supra
1775 1482 1831 1521 me·

204 1536 375 1595 ruissoliere
395 1536 422 1590 iti
442 1536 556 1592 aliorum
570 1551 648 1591 nsunt
662 1535 750 1591 liceat
779 1534 801 1588 R
854 1534 888 1589 rit
901 1539 992 1586 tamen
1041 1533 1117 1597 mini,
1144 1540 1172 1587 et
1198 1532 1312 1614 amplius
1337 1532 1485 1588 memorari
1506 1548 1532 1587 in
1553 1533 1654 1589 hinnite
1671 1535 1772 1657 graceio
1795 1537 1830 1590 nd

205 1609 327 1664 laudatus
348 1607 380 1661 1).
395 1606 476 1660 Pluer
496 1607 585 1660 uirum
608 1605 697 1676 magni
718 1604 789 1675 apud
809 1603 941 1673 lispnries
965 1608 993 1656 et
1042 1602 1196 1658 biantissam
1207 1600 1381 1670 epistolarum
1392 1602 1483 1672 ln)ubi
1495 1610 1552 1657 tota
1566 1604 1663 1658 detecti
1697 1604 1831 1674 injusthe·

204 1678 275 1761 apud
288 1684 396 1733 citeros
408 1690 514 1746 geenne
526 1675 655 1740 neminis,
671 1674 702 1729 lt.
716 1673 875 1746 Gregoriuiu
890 1669 991 1753 hlaine·
1042 1674 1115 1728 sauri
1130 1671 1242 1727 historia
1256 1670 1321 1742 ipsis
1332 1671 1412 1742 liujus
1426 1671 1594 1728 celeberrimi
1604 1670 1758 1729 Academici
1770 1691 1831 1731 rer·

205 1763 274 1805 stem
305 1761 447 1803 eneresum
466 1745 653 1808 Valentinum,
675 1760 769 1814 aque,
785 1739 993 1814 oligestamah-
1042 1743 1232 1798 hisnarratur.

204 1761 312 1888 quande
325 1815 511 1886 praefecturam
528 1813 696 1871 bibliothece
709 1815 802 1884 regiae,
827 1824 1031 1933 quecuihqneg
1078 1811 1139 1893 1111.
1149 1811 1226 1866 Alter
1243 1826 1298 1880 qno
1363 1812 1483 1883 ejirsdem
1497 1812 1713 1882 congregationis
1730 1814 1832 1869 sodalis

205 1889 274 1943 retis
287 1887 355 1941 meis
367 1884 483 1955 expetita
501 1884 616 1939 obtineri
635 1897 714 1951 pesse
778 1894 929 1950 sinagnaa
951 1880 992 1935 ul·
1043 1882 1241 1937 eruditissimus
1254 1881 1286 1935 b.
1325 1881 1538 1951 aeques-Claude
1552 1882 1668 1938 vincent
1687 1884 1832 1939 bibliothe

204 1957 250 2012 sit.
267 1956 368 2023 ¹lieltec
379 1954 410 2009 tt.
426 1952 687 2023 liniensieliudatus
704 1950 736 2005 1).
769 1950 828 2006 hier
847 1950 875 2005 io
894 1948 993 2007 litteris
1043 1951 1132 2007 carius
1146 1950 1262 2005 abbatie·
1280 1954 1364 2006 sancti
1383 1951 1496 2020 Remigii
1510 1950 1670 2007 Rhenieiisis
1687 1953 1721 2007 ab
1744 1955 1832 2008 antico

204 2024 350 2094 ePertitpe
363 2024 396 2079 ad
407 2021 644 2094 aquasminernles
656 2022 682 2074 in
694 2021 831 2076 inentibus
843 2017 993 2075 Grauateu-
1042 2020 1109 2076 mibi
1133 2019 1317 2076 addictissimo
1335 2020 1366 2074 b.
1383 2018 1486 2077 leanne
1507 2020 1652 2077 l'rnncisee
1676 2025 1831 2078 ntenasrerii

204 2095 280 2152 sibus
293 2093 320 2148 d.
331 2093 359 2152 d.
375 2090 466 2147 itinn.
493 2091 571 2155 ties,
596 2092 633 2146 ita
652 2090 686 2145 ad
704 2104 749 2145 me
764 2089 890 2159 scripsit:
910 2087 993 2143 ilion
1043 2090 1128 2147 sancti
1148 2088 1336 2160 Sympheriani
1359 2089 1485 2145 blerensis
1497 2092 1631 2146 monache
1646 2092 1831 2155 benedictino,

204 2163 315 2222 omuino
331 2162 427 2217 desum
436 2159 477 2233 (in
492 2158 631 2231 llispania)
654 2159 705 2214 viri
720 2159 849 2230 sapientia
863 2165 892 2213 et
904 2158 994 2213 erudi·
1042 2160 1162 2216 historice
1175 2174 1251 2215 nevae
1262 2160 1383 2230 eiusdem
1403 2159 1521 2216 civitatis
1535 2161 1676 2283 scriptore,
1699 2163 1833 2219 excitatus

205 2234 468 2303 tienepraestantes,
489 2244 604 2299 querum
615 2231 668 2283 diri
680 2237 709 2284 et
719 2229 912 2303 antesignanus
922 2226 994 2282 cele-
1042 2245 1060 2285 e
1096 2243 1186 2285 mnen
1209 2231 1342 2286 medicant
1357 2229 1422 2284 inibi
1442 2229 1512 2296 tulit,
1529 2231 1831 2301 cenerendeopusenla
1949 2284 1953 2290 .

206 2302 340 2363 bernintus
351 2299 434 2372 erog.
450 2298 595 2367 llajansius
611 2297 670 2354 sine
682 2298 764 2355 dubio
780 2299 991 2354 eeitsendusest.
1077 2299 1148 2355 ruini
1163 2314 1229 2353 msa
1246 2299 1274 2353 in
1285 2298 1447 2355 bibliotheca
1462 2300 1547 2355 saneti
1562 2300 1692 2371 Remigii,
1707 2309 1735 2357 et
1746 2302 1831 2356 altera

208 2370 337 2427 l'irenim
358 2369 413 2425 isto
434 2384 487 2425 una
509 2384 571 2423 euin
595 2367 750 2425 doctissime
771 2366 856 2423 iiatre
875 2365 994 2422 toenio
1043 2370 1130 2425 saneti
1145 2368 1304 2424 Theoderici
1329 2383 1413 2438 propa
1435 2369 1552 2424 libernes
1577 2379 1699 2436 servata,
1716 2387 1832 2441 querum

206 2454 266 2495 sese
278 2438 356 2495 unice
370 2437 473 2495 ,litteris
496 2437 673 2495 musecrarit.
694 2436 759 2510 Regi
771 2452 833 2493 cunt
844 2443 942 2493 esseta
954 2436 994 2490 bi·
1044 2438 1198 2495 diderentee
1212 2438 1340 2494 lectiom
1349 2440 1382 2493 ad
1395 2454 1438 2494 ine
1450 2439 1540 2494 misse
1549 2441 1671 2509 apprime
1680 2442 1833 2497 servierirot

206 2509 339 2566 hlietlreca
360 2506 526 2578 Gregorius,
548 2519 578 2562 ut
605 2507 711 2563 invidie
740 2507 865 2571 cederet,
891 2505 994 2562 sebee
1044 2510 1078 2565 ad
1091 2522 1184 2563 reram
1203 2507 1346 2564 lectionem
1368 2506 1460 2563 multis
1478 2509 1546 2564 locis
1559 2511 1764 2567 restituendam.
1779 2510 1833 2565 Cn·

207 2593 318 2635 munere
335 2585 430 2647 sponte
449 2592 496 2633 sua
513 2578 659 2634 abdicavit.
688 2576 804 2633 Tantum
824 2590 888 2632 vere
908 2574 995 2631 abluit
1043 2578 1150 2650 plebani
1168 2578 1292 2648 equidem
1303 2577 1384 2632 simul
1397 2577 1516 2633 cenlerri
1530 2579 1650 2648 potuisse
1661 2581 1745 2635 sitam
1759 2581 1831 2635 beati

207 2656 238 2704 ut
252 2649 304 2704 istu
331 2662 422 2703 rerum
449 2646 562 2703 iniimtie
582 2646 670 2705 rtrum
691 2660 707 2702 a
728 2646 879 2705 litterarum
902 2659 995 2700 amere
1043 2647 1149 2703 Aletrini
1164 2647 1301 2717 antiquam
1324 2661 1386 2702 cunt
1398 2649 1459 2703 eod.
1478 2664 1544 2703 ross.
1563 2648 1675 2705 libentis
1687 2665 1793 2720 queque
1804 2649 1831 2704 iii

206 2727 350 2783 avocaret,
372 2724 403 2771 itt
419 2716 510 2773 calcar
533 2716 624 2799 petitis
645 2716 696 2786 ipsi
713 2715 849 2773 addidisse
858 2714 992 2770 rideatur.
1043 2717 1206 2775 bibliotheca
1231 2717 1386 2772 monasterii
1409 2727 1510 2774 sauctae
1524 2717 1615 2773 llariae
1635 2728 1753 2783 certate,
1777 2734 1832 2788 ene

207 2788 306 2847 herim
319 2795 393 2843 certe
415 2793 477 2851 est,
496 2802 543 2856 gui
564 2802 627 2843 cnm
648 2786 732 2843 solida
743 2785 903 2842 eruditionis
916 2783 995 2840 laude
1044 2786 1203 2843 usnsestli.
1217 2785 1833 2855 Qumwanus,eidusnihilentinitseditieah·

207 2856 310 2931 equale
322 2856 484 2913 irtserriendi
496 2857 615 2912 studium
625 2854 787 2937 cerdungat,
803 2862 915 2925 excepte
928 2851 997 2909 Gre-
1044 2857 1106 2913 cubi
1119 2856 1248 2911 mendosa
1260 2856 1327 2911 milri
1337 2855 1488 2912 ridebatur.
1504 2858 1603 2914 ilerum
1619 2859 1690 2913 idem
1703 2859 1770 2914 milii
1785 2874 1832 2913 ae·

205 2928 331 3000 geriem
343 2924 605 2995 universallispanin
618 2925 730 2995 reperiri
740 2926 886 2981 neminem.
903 2943 913 2977 i
929 2923 995 2980 Viro
1045 2927 1111 2985 cidit
1123 2924 1194 2996 quod
1206 2926 1272 2981 elira
1285 2927 1317 2980 l).
1333 2924 1497 2992 ilabillonie,
1511 2927 1567 3009 qui,
1589 2937 1618 2982 ut
1631 2929 1687 2997 ipse
1701 2929 1833 2982 narratio

206 2999 290 3071 igitur
304 2997 524 3065 hirictantepere
536 2993 891 3051 niihilaudatodesiderium
905 3006 996 3048 recum
1045 2994 1277 3052 observationibus
1305 2996 1413 3065 prrcriis
1442 2996 1470 3050 in
1494 2997 1583 3051 vitain
1607 2998 1678 3052 beati
1708 2998 1831 3063 Aleuini,

206 3083 254 3140 per
275 3066 416 3137 epistelam
438 3065 549 3135 aperui,
571 3073 652 3134 atque
672 3060 834 3134 adiutorium
861 3062 950 3127 illins,
971 3061 995 3117 si
1046 3066 1158 3128 nume,
1175 3065 1295 3120 codicem
1313 3065 1389 3120 illurn
1407 3065 1548 3137 aliqnando
1563 3066 1659 3130 risum,
1675 3081 1707 3121 ac
1726 3075 1831 3137 postea,

205 3137 278 3221 qued
289 3136 355 3191 mihi
368 3133 524 3206 impendere
536 3134 652 3199 valeret,
668 3148 701 3188 ei
720 3133 784 3200 eiii,
799 3148 832 3189 ee
843 3140 940 3189 eventu
956 3129 996 3185 le·
1046 3143 1076 3190 iit
1092 3149 1152 3188 eum
1163 3134 1242 3189 editis
1260 3134 1376 3191 cenlerrt
1389 3144 1490 3203 posset,
1507 3135 1696 3204 perquisitum,
1712 3137 1832 3192 nancisci

206 3206 267 3268 bei,
283 3213 314 3260 iit
333 3206 367 3260 ab
379 3204 475 3285 amieis
486 3205 543 3263 suis
556 3148 752 3285 tandemuillgm
765 3205 854 3272 magni
865 3200 995 3283 momenti
1006 3168 1032 3236 c
1044 3218 1099 3258 nen
1120 3203 1207 3272 potuit
1221 3219 1230 3258 t
1245 3206 1392 3285 etiamnum
1413 3205 1485 3259 enim
1498 3220 1585 3274 nerpue
1603 3206 1630 3259 in
1648 3206 1776 3273 predicta
1792 3207 1834 3260 hi·

207 3274 349 3347 epistelam
362 3288 548 3345 episcoporum
561 3274 599 3329 Eli
621 3282 676 3330 anti
689 3279 852 3329 sectatorum
864 3270 995 3326 inedttntn
1044 3274 1450 3343 liietheca,neeueine1usdem
1459 3273 1579 3345 catalogo
1589 3275 1834 3345 manuscriptorum

207 3344 360 3408 extorserit,
374 3359 455 3415 quani
474 3344 498 3398 is
517 3360 533 3401 e
555 3289 619 3401 cof
628 3358 679 3398 ins.
693 3342 822 3411 Toletano
832 3339 998 3410 decriptant
1044 3342 1123 3411 hujus
1144 3343 1211 3399 Vitae
1230 3343 1315 3399 ullium
1330 3343 1470 3426 vestigium
1495 3345 1648 3414 reperitur,
1666 3354 1747 3415 prout
1769 3347 1836 3401 ede·

207 3415 283 3473 ecius
301 3414 337 3469 ad
355 3428 398 3469 me
419 3413 519 3470 delenti
542 3415 657 3480 curarit,
671 3411 763 3473 addita
776 3410 900 3482 epistola,
932 3424 995 3463 uam
1044 3420 1105 3468 ctus
1129 3410 1168 3466 lui
1182 3428 1216 3468 ei
1234 3414 1331 3469 litteris
1355 3414 1512 3468 amicissimi
1533 3415 1564 3469 li.
1582 3414 1671 3470 Caroli
1696 3414 1835 3471 banceleti

207 3484 242 3541 td
259 3482 338 3539 fldem
349 3484 386 3537 rel
400 3483 595 3545 conciliandam
608 3486 767 3555 impressam
779 3481 898 3536 6111111111·
911 3425 997 3560 «1011-
1045 3481 1225 3538 dielbllartii
1238 3482 1307 3537 1776
1317 3484 1351 3536 ad
1357 3497 1400 3538 me
1407 3485 1535 3549 enai-atis,
1547 3483 1624 3552 cujus
1634 3484 1685 3539 viri
1697 3485 1836 3540 laboribus

207 3559 267 3609 reth
281 3554 419 3618 tamenin
451 3568 485 3609 no
494 3556 647 3611 continetur
664 3559 829 3609 memoratus
843 3550 997 3621 hpelegeti-
1044 3560 1073 3605 et
1094 3552 1233 3607 industrie
1249 3553 1379 3623 singulari
1394 3554 1588 3608 monasterium
1603 3562 1725 3609 nestrum
1747 3557 1834 3610 sancti

207 3637 256 3679 cus
270 3622 372 3681 hitherii
396 3631 424 3678 et
466 3624 529 3689 eati,
551 3640 605 3706 que
617 3639 680 3679 cuin
695 3623 777 3679 editie
794 3619 922 3701 Steitartii
940 3633 995 3699 nen
1038 3621 1209 3679 Emmerami
1234 3622 1261 3676 in
1281 3623 1400 3691 acceptis
1410 3620 1462 3677 lert
1482 3638 1618 3679 sacrarum
1637 3623 1788 3692 linguarum
1807 3633 1835 3679 et

207 3699 275 3748 satis
298 3701 424 3749 accurata
448 3692 564 3749 ceulern
585 3694 737 3764 potuisset,
768 3691 840 3747 nulla
863 3689 997 3768 industria
1045 3690 1070 3746 el
1104 3691 1389 3747 antierislitteraturae
1402 3692 1550 3761 pleniorem
1563 3694 1753 3748 eruditionem.

207 3761 330 3822 obtinere
341 3763 429 3833 potuit
443 3763 484 3819 tir
498 3764 632 3834 optimus,
648 3762 690 3818 citi
703 3763 730 3818 in
747 3762 819 3817 bunc
833 3760 914 3817 linem
926 3772 996 3827 egee
1108 3761 1151 3815 Vl.
1165 3758 1248 3817 Grata
1258 3762 1366 3816 denium
1380 3771 1470 3817 mente
1481 3763 1620 3818 recolenda
1633 3772 1674 3818 est
1684 3763 1837 3819 beneticen-

207 3832 268 3892 detn
280 3829 407 3887 stevartii
421 3831 545 3888 ietnmen
560 3833 632 3904 typis
653 3835 812 3901 impressum
823 3831 974 3885 direxeram
986 3842 994 3891 ;
1046 3830 1083 3885 tia
1099 3831 1314 3886 reverendissimi
1328 3846 1361 3885 ae
1372 3831 1502 3955 digsnitate
1512 3833 1592 3888 siinnl
1603 3841 1684 3903 atque
1695 3832 1834 3903 ntulhpbei

208 3908 286 3973 prout
307 3901 374 3962 inibi
396 3902 418 3957 si
438 3902 555 3958 uideanit
577 3903 605 3957 in
630 3901 743 3971 epistola
766 3901 850 3955 alteru
870 3898 996 3955 ibidema
1046 3899 1198 3955 eruditione
1212 3900 1386 3955 illustrissimi
1425 3901 1481 3955 ‚tt
1506 3904 1526 3956 1.
1540 3903 1670 3972 principis
1688 3913 1715 3958 et
1729 3904 1836 3958 abbatis

208 3984 252 4030 ute
264 3971 395 4032 exhibita.
413 3917 478 4039 311ae
498 3988 580 4029 caiisa
604 3971 656 4027 luit
674 3970 801 4027 muntia
818 3984 862 4025 me
877 3967 994 4030 consilii.
1047 3970 1132 4026 sancti
1145 3970 1226 4024 Blasii
1241 3971 1272 4024 1).
1286 3969 1394 4025 Martini
1406 3971 1531 4027 Gerbert.
1558 3972 1589 4027 Ei
1610 3973 1638 4027 in
1660 3974 1778 4042 acceptis
1794 3972 1835 4029 ie·

207 4040 282 4111 quod
289 4040 371 4100 θιὶιιιιι
380 4041 413 4101 l),
426 4038 559 4098 Catelitiet
570 4043 720 4126 placuerat,
737 4041 845 4098 eesdem
858 4039 942 4094 libres
954 4036 997 4093 bis
1047 4039 1168 4102 rendum,
1182 4040 1254 4108 qued
1267 4055 1338 4094 nnnc
1351 4039 1487 4108 publicam
1499 4042 1585 4096 lucem
1598 4043 1701 4165 adegtre
1714 4044 1767 4097 sint
1780 4043 1837 4112 cpi-

207 4110 479 4193 epenhisjingeadt,
497 4119 528 4167 ut
542 4114 823 4194 initieprepesuerant
841 4109 870 4163 in
884 4122 998 4177 erinspe·
1047 4108 1471 4179 stoiceuaedamadhmalarium
1482 4111 1636 4193 episcepuni
1672 4112 1834 4205 rerireiixscrn

206 4176 998 4330 th‘thimothen,ttr'thbtttttnltttth
1047 4176 1837 4331 {hiithhdtttlt,dbstnttt'b‘tthtb

207 4317 338 4385 allectus,
360 4333 410 4390 pre
432 4318 598 4375 illustrandis
616 4319 827 4388 adoptianorum
848 4322 997 4442 scrtftiset
1047 4319 1257 4388 nrisbaptismi,
1278 4333 1360 4388 quam
1384 4317 1508 4374 Caiirmus
1531 4328 1559 4373 et
1581 4319 1767 4386 Quoreetanus
1792 4321 1837 4375 dl-

208 4389 276 4444 aetis
287 4388 470 4460 suggesserit,
493 4397 521 4443 et
535 4389 736 4447 humanissimis
747 4397 829 4458 atque
844 4402 893 4443 eru
914 4393 997 4440 rttssi·
1047 4388 1119 4442 enini
1135 4402 1196 4443 esse
1212 4388 1425 4453 arbitrabantur,
1441 4389 1469 4443 iii
1483 4389 1543 4445 hice
1554 4389 1685 4445 collecata
1696 4398 1754 4451 est,
1778 4388 1838 4444 Sir-

209 4458 261 4514 tnis
273 4458 344 4523 illius
360 4457 481 4528 mentis
498 4458 610 4528 intelligi
623 4465 730 4529 petest,
753 4458 781 4513 iit
804 4456 958 4529 appendice
974 4454 997 4509 11
1048 4457 1193 4526 tuendique
1204 4458 1337 4512 sententia
1351 4473 1399 4526 pre
1409 4459 1503 4513 eodeni
1515 4457 1653 4514 Amalarie
1665 4460 1835 4515 eeniirnrnta.

210 4541 227 4586 ιι
242 4541 285 4585 tite
295 4527 398 4588 idatii.
1010 4518 1036 4579 D
1049 4525 1140 4594 Neque
1156 4526 1216 4581 sine
1231 4526 1310 4581 laude
1321 4527 1498 4594 praetereundi
1516 4538 1580 4583 sunt
1598 4528 1731 4585 duumviri
1752 4529 1779 4581 iii
1792 4544 1837 4583 re·

243 4592 313 4657 xlv.
331 4596 381 4655 ilis
391 4596 456 4661 riis,
469 4597 503 4653 ad
517 4598 661 4653 terminum
668 4598 740 4655 ndht
754 4597 919 4667 prepositum
933 4596 993 4652 leli·
1045 4595 1153 4668 publica
1177 4596 1309 4652 litteraria
1323 4597 1423 4666 optime
1433 4598 1521 4652 meriti
1533 4608 1561 4652 et
1570 4596 1834 4662 diffusaeruditiene,

209 4664 268 4723 eltis
289 4667 467 4737 pertingendi,
492 4667 520 4722 iit
542 4667 725 4737 Letharingia,
748 4668 833 4730 ltalia,
855 4666 951 4735 trigtia
967 4676 996 4722 et
1045 4683 1127 4738 quani
1140 4666 1276 4738 praeclaris
1286 4666 1342 4721 suis
1350 4667 1477 4747 operibus
1486 4667 1641 4737 probarunt,
1650 4666 1835 4733 celeberrime

210 4733 338 4804 llispauia
353 4735 424 4793 haud
441 4736 550 4792 omnine
573 4736 672 4792 frustra
687 4738 811 4802 tentetis,
826 4736 995 4793 committere
1045 4752 1142 4808 nempe
1160 4737 1192 4791 b.
1215 4734 1334 4791 bebelius
1348 4736 1515 4793 bibliothecae
1531 4736 1683 4793 electoralis
1695 4736 1836 4791 Monacen-

210 4802 448 4882 lttitdpotui,quin
460 4806 542 4861 etiarn
553 4807 894 4877 insiguiorcshiblietbeeas
903 4804 996 4861 Gallice
1046 4808 1084 4863 sis
1094 4825 1102 4871 ;
1114 4817 1142 4864 et
1158 4808 1189 4862 b.
1205 4806 1348 4870 Kellariiis,
1362 4804 1491 4862 Caesarea
1507 4805 1730 4869 vindebonensis,
1744 4814 1837 4861 custe-

209 4874 387 4938 cumularem,
414 4876 442 4931 in
466 4876 564 4944 quibus
588 4885 641 4931 tant
659 4876 786 4945 preclare
809 4875 908 4931 versati
932 4882 996 4935 sunt
1046 4878 1134 4933 deser
1142 4877 1261 4934 cultores
1272 4876 1453 4932 solertissimi.
1463 4874 1689 4931 Primuseieusse
1701 4875 1837 4932 ditissimo

209 4943 314 5001 sedales
322 4944 510 5005 celeberrime
520 4945 699 5003 Beiiedictiuie
708 4944 924 5016 congregationis
936 4956 996 5003 sait-
1047 4962 1102 5002 sum
1119 4962 1191 5003 curae
1204 4946 1360 5003 concredito
1371 4947 1507 5008 thesaure,
1520 4945 1650 5014 quidquid
1661 4946 1755 5001 usibus
1767 4946 1837 5001 uicis

209 5013 246 5069 cti
259 5012 368 5071 bland:
385 5014 510 5084 quamvis
531 5016 566 5070 nb
590 5015 791 5085 becprepesite
813 5030 857 5073 me
874 5024 997 5072 auertere
1045 5024 1137 5086 aptum
1156 5018 1266 5087 reperit,
1289 5017 1355 5072 mibi
1371 5013 1490 5078 tradidit,
1509 5022 1683 5084 aepraterea
1704 5013 1835 5072 muitala·

208 5083 341 5206 potuisset
356 5084 388 5139 b.
411 5084 544 5143 catelinot
560 5099 642 5154 supra
665 5084 800 5148 laudatus,
813 5084 848 5139 ad
867 5098 911 5141 nte
929 5084 998 5139 scri·
1044 5087 1157 5141 boribus
1178 5088 1247 5142 meis
1260 5084 1539 5142 accommodatissima
1563 5085 1674 5141 consiliii
1691 5088 1835 5155 suggessit.

219 5165 278 5207 icus
286 5155 356 5221 qued
367 5154 394 5208 in
401 5152 700 5223 Galliambetharingia
711 5161 786 5208 tanta
796 5154 831 5210 sit
838 5167 904 5213 rues·
915 5153 993 5215 cedd,
1044 5154 1120 5211 Alter
1132 5156 1246 5212 indicem
1266 5155 1387 5212 emnium
1401 5153 1479 5211 eedd.
1494 5169 1559 5209 mss.
1576 5154 1610 5208 ad
1620 5154 1764 5211 dicuinum
1776 5171 1838 5226 per-

211 5220 311 5289 iuepia,
324 5230 354 5276 ut
368 5223 395 5277 in
407 5221 522 5281 decursu
543 5224 642 5281 laberis
654 5222 696 5277 sui
709 5238 792 5277 unum
803 5222 934 5279 duntaxat
950 5223 996 5279 de·
1044 5224 1187 5280 tinentium
1207 5227 1233 5281 in
1246 5225 1409 5293 amplissima
1424 5224 1547 5280 Caesarea
1560 5224 1723 5281 bibliotheca
1742 5240 1837 5280 serra·

196 5270 300 5417 ἰῗιοᾷιε
312 5292 556 5417 ιιιοθιιιίιοῖἑιὺιῗιοιῐιῃι
570 5282 688 5417 libidium
701 5292 734 5347 de
745 5292 921 5350 processione
934 5291 996 5373 Spi7
1043 5303 1133 5376 teruin
1155 5294 1504 5420 tiiihidleienoiizlleltindulsit,
1522 5302 1551 5350 et
1570 5296 1684 5364 posthac
1708 5293 1837 5417 lectiones

195 5372 387 5487 ,lmine
406 5377 602 5512 delibili
615 5372 995 5514 tilltt'htttttttttt
1045 5371 1587 5515 htbhhtcttinththilb
1600 5372 1837 5505 drrhttttb

197 5498 270 5561 ,dent
283 5505 497 5570 congregationis
511 5508 575 5557 tune
590 5516 756 5573 superiorein
785 5502 935 5563 caeruleis,
951 5514 996 5554 re·
1046 5501 1108 5571 tet]
1121 5511 1173 5567 est,
1185 5505 1218 5558 ad
1235 5516 1278 5559 nie
1289 5503 1389 5559 deterri
1400 5509 1515 5558 curarit.
1806 5577 1809 5581 ⁸

198 5516 904 5709 ἱιιιιιιιιιιιιιιιιιιιι1ι1ιιιιι
917 5582 995 5695 tte
1046 5570 1838 5715 timemini,

228 5776 282 5856 ‚ini
301 5775 378 5855 Quod
399 5777 460 5834 ride
471 5786 531 5848 pest
543 5776 675 5853 tinnitum
690 5777 718 5832 in
732 5778 834 5833 hancce
847 5778 995 5835 editionem
1014 5790 1120 5836 noram.
1134 5777 1211 5835 Eetr.
