4075 6192
214 340 264 397 tot
645 337 675 392 b.
696 338 726 392 F.
744 338 858 393 ALBlNl
877 336 943 394 SEU
962 335 1101 393 otientur
1120 336 1261 393 bennun
1278 337 1368 392 PARS
1385 336 1409 392 l.
1794 346 1845 401 lit

214 457 294 512 inodo
316 454 371 510 lieo
391 454 509 524 placent;
534 449 669 519 quomodo
691 449 807 505 salutern
832 450 930 505 animae
948 464 1004 506 snae
1016 448 1111 515 Abeo
1134 446 1278 513 amabiles,
1301 457 1329 502 ct
1351 447 1505 504 bominibus
1528 450 1701 510 honorabiles
1722 455 1847 516 institue-

214 556 359 617 operetur:
371 541 419 599 scd
432 555 479 596 ros
492 537 655 610 specialiter,
671 540 825 596 charissimi
840 538 956 596 iratres!
974 540 1003 594 in
1055 544 1128 602 rurrt,
1150 538 1194 607 qui
1220 537 1301 607 primi
1320 536 1428 592 luerunt
1449 536 1607 597 fundatores
1631 549 1847 616 congregationis

214 636 326 693 servitio
343 634 390 689 liei
412 645 572 702 permanere
591 629 679 697 decet,
701 632 769 688 etin
784 633 898 687 rationis
912 629 1005 705 [Forte
1054 634 1160 682 vestrae.
1175 625 1283 681 Certum
1300 633 1342 681 εει
1356 626 1417 681 illos
1428 627 1527 698 saepius
1541 629 1652 687 enitare
1665 632 1725 688 loca
1742 635 1847 696 habita.

213 723 355 796 orationis]
369 723 457 778 studio
469 721 608 792 prolicere,
625 730 735 793 propter
751 723 867 793 optimos
878 729 1005 792 parentes
1054 718 1136 773 tionis
1158 725 1263 780 vestrae,
1288 725 1315 771 et
1335 732 1511 788 quoscunque
1531 718 1671 778 inveniant
1684 724 1797 784 honeste
1806 728 1846 785 vi·

214 824 242 869 gp
265 828 361 883 paucos
380 811 482 886 [F0r10‚
506 826 561 867 non
586 810 697 885 paucos]
720 813 864 882 magistros
887 820 1003 867 vestros.
1054 820 1118 861 vere
1141 816 1168 859 et
1190 821 1238 859 sua
1260 804 1397 860 custodire
1421 814 1532 873 statuta,
1552 811 1722 881 congaudent
1738 815 1800 881 illis,
1818 826 1847 875 et

214 904 283 972 Quid
295 919 361 959 rero
375 904 505 959 librorum
521 903 598 972 copia
612 904 731 972 prodest,
756 903 779 958 si
803 918 857 958 non
882 903 953 957 erint
967 900 1006 956 le-
1054 914 1104 967 pro
1126 898 1166 953 eis
1185 898 1352 952 intercedere
1372 896 1443 966 apud
1464 899 1538 968 piurn
1552 898 1674 969 judicem
1695 905 1846 964 nullatenus

213 1000 308 1065 gentes
327 993 355 1047 in
374 992 425 1058 eis,
440 999 468 1046 et
481 990 660 1063 intelligentes
669 990 734 1046 eos?
756 990 826 1058 Quid
836 991 895 1045 laus
908 1005 1006 1060 paren·
1054 991 1206 1056 desistunt3
1220 991 1267 1046 sed
1278 999 1306 1045 et
1323 991 1479 1060 angelorum
1498 993 1666 1050 visitationes
1681 996 1740 1052 loca
1753 1008 1845 1056 sancta

214 1093 271 1138 rum
284 1081 399 1152 prolicit,
414 1081 437 1136 si
448 1088 597 1137 sectatores
613 1079 720 1134 illorum
733 1094 787 1134 non
804 1079 875 1134 erint
886 1093 1006 1150 praecep
1055 1076 1227 1148 frequentare
1239 1095 1293 1133 non
1305 1079 1415 1134 dubium
1427 1087 1479 1134 est.
1491 1079 1590 1136 Fertur
1602 1083 1673 1138 enim
1687 1087 1846 1157 magistrum

214 1180 302 1229 torum
316 1179 376 1240 post
389 1170 456 1226 cosi
1055 1178 1178 1224 trostrum
1199 1176 1227 1223 et
1248 1177 1366 1223 uestrum
1390 1179 1533 1238 patronum
1553 1172 1661 1229 beatum
1679 1175 1780 1231 dixisse
1799 1177 1848 1231 Ba·

145 1236 152 1247 ’
250 1263 304 1320 llos
317 1276 384 1317 vero
396 1260 444 1316 lilii
459 1262 525 1316 estis
538 1268 703 1326 sanctorum,
721 1274 769 1313 ros
784 1258 871 1314 nobile
883 1273 967 1327 genus
979 1257 1006 1312 ei
1056 1275 1127 1314 nnn:
1147 1277 1156 1309 r
1168 1258 1231 1314 Scio
1245 1259 1354 1329 angelos
1368 1259 1478 1314 visitare
1491 1263 1636 1317 canonicas
1647 1263 1727 1318 boras
1743 1273 1770 1319 et
1784 1280 1846 1320 cou-

214 1351 304 1424 regale
323 1349 515 1414 sacerdotium,
530 1349 558 1402 in
573 1347 694 1403 Ecclesia
713 1346 812 1402 Christi
829 1346 923 1400 nutriti
937 1362 945 1399 ε
958 1360 1006 1399 no·
1056 1348 1226 1419 gregationes
1242 1346 1390 1414 iraternas;
1410 1349 1476 1417 quid
1493 1349 1516 1404 si
1531 1350 1567 1404 ibi
1582 1366 1624 1404 me
1638 1367 1691 1406 non
1706 1352 1846 1408 inueniunt

214 1445 347 1499 bilitatem
363 1448 480 1495 vestram
491 1439 570 1494 benis
581 1439 703 1494 acroribus
714 1438 857 1503 ostendite,
871 1444 1006 1507 quatenns
1056 1437 1127 1491 inter
1139 1435 1255 1491 iratres?
1278 1435 1373 1491 Nonne
1396 1438 1485 1492 dicere
1504 1439 1612 1504 habent,
1636 1440 1682 1495 ubi
1697 1449 1739 1496 cst
1757 1443 1846 1498 Beni?

214 1534 324 1605 plurimi
340 1532 439 1590 vestris
451 1531 530 1587 bonis
539 1531 670 1601 exemplis
681 1528 848 1594 erudiantur,
862 1537 890 1584 et
900 1528 946 1599 qui
959 1542 1006 1582 ros
1057 1528 1146 1595 Quare
1170 1541 1222 1581 non
1247 1527 1320 1581 vernt
1335 1528 1368 1582 ad
1387 1528 1558 1585 adorationes
1578 1539 1694 1587 statutas
1711 1549 1773 1589 cum
1792 1532 1805 1587 s
1833 1565 1847 1576 -

215 1626 282 1682 loris
302 1625 402 1689 videat,
418 1623 523 1679 anobis
539 1622 627 1678 discat
640 1621 774 1692 quomodo
787 1619 879 1675 rivere
900 1619 1005 1673 debem.
1058 1618 1182 1674 tribustr

215 1717 281 1772 Nam
298 1731 331 1772 ex
347 1729 495 1786 paucorum
515 1714 719 1770 conversatione
741 1714 775 1768 ab
802 1711 846 1767 bis
869 1710 915 1779 qni
940 1709 1007 1765 loris
1093 1709 1188 1779 llagna
1202 1717 1245 1764 εει
1255 1708 1325 1780 apud
1338 1708 1423 1765 Deum
1436 1712 1587 1768 communis
1601 1716 1696 1779 oratio,
1712 1724 1739 1769 ει
1750 1731 1848 1787 magna

215 1817 289 1872 sunt,
300 1821 371 1877 saepe
385 1806 491 1860 illorum
506 1805 572 1868 rita,
592 1804 638 1873 qui
659 1803 732 1856 intus
750 1809 823 1866 suut,
838 1800 1001 1855 nominatur.
1020 1799 1197 1867 Bcbaritatis
1209 1801 1381 1865 communio;
1399 1811 1426 1856 et
1439 1800 1524 1856 multo
1542 1811 1583 1857 est
1602 1804 1696 1858 melius
1715 1820 1776 1859 cum
1794 1803 1847 1861 lra-

215 1897 286 1951 liicit
299 1896 371 1950 enirn
385 1892 549 1964 Apostolus:
562 1891 687 1958 Quondr'n
707 1907 765 1946 reor
779 1889 918 1961 Apostolos
939 1906 1004 1960 gen·
1059 1894 1145 1949 tribus
1167 1894 1346 1947 communiter
1369 1908 1464 1959 orare,
1487 1896 1651 1951 manducare
1671 1905 1698 1952 ct
1718 1897 1846 1960 dormire.

214 1987 290 2052 tiam,
310 1985 483 2041 ministerium
504 1999 592 2038 meam
614 1983 759 2053 lionorifico
779 1983 868 2056 (Rom.
889 1999 930 2049 ιι,
947 1982 1003 2054 ιδ).
1057 1998 1137 2054 quam
1160 1982 1188 2036 in
1213 1982 1324 2050 speciali
1346 1982 1514 2039 habitatione
1535 1985 1622 2040 solutu
1646 2002 1707 2041 cum
1729 1987 1849 2057 periculo

215 2075 261 2131 Sic
282 2077 362 2132 debet
378 2076 563 2148 unusquisque
586 2091 663 2132 suam
688 2091 841 2147 personam,
867 2074 910 2131 rel
928 2090 1006 2130 suurn
1057 2090 1186 2139 manere,
1210 2075 1274 2144 qnia
1296 2073 1403 2130 lucilius
1430 2075 1551 2132 diabolus
1572 2092 1724 2148 expugnare
1750 2081 1850 2151 poterit

215 2167 382 2235 propositum
393 2166 525 2236 religiosis
535 2181 633 2222 ornare
643 2166 775 2232 moribus,
788 2174 817 2221 ut
827 2165 932 2221 laudem
945 2181 1007 2221 cum
1061 2166 1137 2221 illurn
1152 2165 1199 2235 qui
1214 2164 1288 2219 solus
1301 2174 1353 2229 εει,
1368 2179 1448 2235 quam
1468 2180 1529 2221 eum
1549 2167 1594 2235 qui
1617 2167 1736 2224 fraterno
1750 2168 1849 2224 auxilio

216 2256 370 2313 bominibus
393 2257 499 2322 habent,
524 2265 551 2311 et
570 2257 654 2312 vitam
673 2266 802 2313 acernam
824 2274 885 2314 cum
906 2260 1007 2315 sannis
1057 2256 1175 2325 undique
1200 2255 1326 2326 cingitur,
1354 2254 1460 2312 dicente
1480 2255 1640 2326 Scriptura:
1656 2256 1760 2324 l'rater,
1775 2261 1848 2330 quin

217 2346 338 2417 accipere
360 2355 505 2403 mercatur.
530 2347 583 2403 Pro
610 2348 688 2404 nohis
715 2350 925 2405 intercedentem
943 2350 1007 2405 bea·
1057 2346 1138 2416 fratre
1155 2346 1306 2416 adjocatur,
1328 2346 1403 2417 qnasi
1415 2346 1495 2414 firmo
1508 2357 1545 2401 ert
1558 2349 1650 2403 ciuitas
1665 2348 1756 2421 (Pron.
1771 2366 1847 2413 aran,

217 2435 358 2491 titudinem
391 2444 508 2491 vestram
542 2436 613 2492 bens
649 2437 819 2507 omnipotens
849 2438 1004 2499 custodiat,
1058 2439 1112 2511 19).
1129 2439 1224 2496 Vestra
1238 2439 1310 2494 enim
1325 2439 1437 2495 lausest
1452 2441 1563 2496 honeste
1577 2443 1677 2507 risere,
1691 2443 1847 2514 religionem

218 2526 288 2581 etin
312 2527 385 2582 omni
403 2526 474 2583 bono
499 2525 631 2596 prolicere
653 2526 755 2592 iaciat,
779 2527 877 2583 lratrcs
901 2527 1005 2583 charis·
1057 2537 1180 2585 votorum
1192 2538 1344 2584 vestrorum
1362 2544 1481 2585 serrare.
1497 2529 1568 2597 Quid
1581 2532 1657 2588 robis
1671 2533 1848 2590 uestimento·

216 2615 278 2671 simi
290 2616 297 2671 i
1057 2634 1117 2674 rum
1124 2618 1435 2690 pompatllajorcxindc
1445 2620 1496 2675 erit
1506 2621 1681 2691 reprehensio
1687 2621 1847 2692 quamlaus;

481 2705 646 2763 El‘lSTOLh
665 2706 734 2761 lllll.
1058 2709 1163 2764 ranitas
1177 2716 1219 2764 est
1232 2709 1305 2763 enim
1318 2717 1345 2763 ει
1360 2710 1495 2779 superbia,
1516 2720 1544 2766 et
1562 2713 1629 2767 nibil
1642 2711 1732 2778 aliud;
1747 2720 1775 2768 et
1788 2728 1850 2784 per-

333 2811 366 2851 ro
385 2811 505 2851 rnrrnes
522 2811 653 2853 eucrasia
680 2811 774 2851 sunem
794 2811 884 2852 arram.
1057 2800 1125 2856 ditio
1144 2799 1207 2854 vitae
1227 2799 1368 2869 regularis.
1396 2799 1491 2855 Melius
1515 2810 1557 2856 est
1582 2802 1698 2856 aninram
1712 2802 1847 2858 bonisor·

216 2885 546 2945 Commentariorum
569 2887 692 2941 amicitie
712 2888 775 2943 otim
787 2888 1007 2944 condictoertnu·
1057 2904 1125 2944 nare
1144 2887 1275 2954 moribus,
1303 2887 1494 2958 perpetualiter
1519 2897 1740 2960 permanentem,
1767 2905 1849 2961 quarn

251 2960 296 3011 dut
310 2972 400 3011 eorum
417 2956 562 3027 regolarem
584 2958 814 3012 concenationem.
830 2956 960 3013 llortctur
971 2959 1006 3013 nd
1058 2992 1166 3049 corpus,
1187 2980 1260 3049 quod
1274 2980 1451 3051 inpuberem
1464 2981 1602 3051 redigitur,
1627 2982 1790 3051 pompaticis
1804 2998 1864 3039 or·¹

250 3037 356 3082 ‘mm‘
371 3027 505 3081 ''mmm'‘
515 3043 646 3099 mm·
1058 3083 1124 3124 nare
1137 3068 1287 3136 coloribus;
1303 3068 1345 3125 vel
1361 3070 1505 3125 luxuriosis
1518 3072 1649 3126 conviviis
1659 3086 1769 3141 poscere
1785 3087 1847 3127 ver·

254 3139 441 3196 Sanctissimis
458 3152 471 3180 ⁸
488 3141 516 3194 in
537 3140 624 3196 sancti
643 3140 717 3195 Petri
740 3141 854 3197 ecclesia
877 3141 1044 3213 iratribusc,
1059 3156 1142 3212 mium
1156 3173 1257 3214 escam,

216 3231 273 3287 beo
292 3231 483 3296 seruientibus,
507 3232 615 3286 lrrrnrilis
635 3232 785 3288 clientellus
802 3232 932 3288 Alcuinns
946 3247 1007 3303 per·
1094 3245 1292 3318 affigam,
1307 3249 1458 3304 charissimi
1476 3247 1587 3305 stapes!
1603 3258 1631 3306 eg
1644 3250 1709 3322 quid
1723 3251 1800 3307 ,togis
1813 3252 1848 3308 gg

218 3329 304 3392 lfflwae
317 3321 411 3393 8¹⁰5&
421 3322 544 3378 Salutem·
887 3386 891 3393 ,
1058 3342 1187 3390 cernam
1200 3337 1325 3406 proficiat
1341 3339 1533 3394 beatitudinem
1550 3340 1704 3411 sequimini.
1720 3339 1848 3396 Patribus

254 3409 407 3482 S‘ael)issime
429 3411 577 3481 0⁰fli⁰l³¹i⁸
601 3411 701 3481 θβθῡῑθῑ
715 3412 794 3469 ‘imici
807 3411 1006 3485 disjunguntur,
1058 3425 1164 3482 obedite
1187 3428 1294 3494 restris,
1318 3445 1398 3485 senes
1420 3431 1560 3496 honorate,
1585 3431 1706 3487 intirmos
1730 3431 1847 3497 visitate,

217 3502 264 3557 sed
278 3516 414 3572 nunqnam
437 3499 579 3556 charitatis
598 3501 740 3557 dulcedine
755 3505 874 3574 separari
888 3504 1005 3572 debent;
1058 3514 1271 3573 adolescentulos
1288 3518 1358 3574 bene
1383 3519 1485 3584 docete,
1508 3527 1538 3575 ut
1556 3521 1690 3587 habeatis,
1710 3520 1756 3591 qui
1769 3536 1850 3592 super

215 3601 244 3647 θῑ
264 3594 310 3649 ubl
333 3608 396 3648 teia
419 3602 461 3648 0⁸⁸
483 3591 601 3660 (Ἦθθῑῑθ,
622 3593 659 3648 lbi
674 3593 752 3649 firmi
766 3605 809 3650 0⁵2
822 3597 1008 3668 germanitatis
1058 3605 1180 3674 scpulcra
1196 3615 1285 3662 restra
1302 3616 1375 3664 stare
1387 3609 1501 3679 possint,
1514 3617 1543 3664 et
1551 3608 1717 3664 intercedere
1726 3624 1776 3679 pro
1789 3608 1849 3663 ani·

217 3685 365 3750 Ιίιθιΰῡῑίὃὲ
391 3685 437 3738 ubi
462 3684 539 3739 radix
562 3683 692 3740 wudicloe
712 3685 837 3742 tfflldlloe
850 3686 878 3741 in
891 3689 1007 3758 peciolis
1057 3699 1153 3753 mabus
1164 3699 1272 3755 restris.
1291 3699 1467 3756 Considerate
1484 3702 1619 3757 menibus
1635 3702 1741 3766 restris,
1755 3699 1849 3770 quales

217 3774 346 3829 thesauro
365 3773 465 3843 ligitur,
481 3773 542 3828 inde
560 3774 628 3829 mmi
646 3773 758 3832 boribus
769 3775 832 3833 lidei
847 3780 935 3835 vestiti
949 3780 1007 3850 pul·
1058 3789 1112 3843 sint
1133 3789 1180 3859 qui
1202 3791 1283 3845 modo
1307 3792 1335 3846 in
1360 3791 1492 3862 sepulcris
1509 3791 1612 3862 jacent,
1628 3801 1656 3848 ct
1669 3807 1750 3863 quam
1761 3791 1849 3851 beatae

217 3865 317 3919 11113838
330 3863 573 3931 cellissifflssfflesh
584 3866 744 3936 usquedum
757 3867 889 3926 fructibus
899 3879 1007 3926 artemas
1057 3877 1112 3931 sint
1124 3879 1222 3933 anima
1235 3878 1341 3933 illorum
1355 3878 1401 3949 qui
1416 3880 1444 3935 in
1457 3880 1596 3951 religione,
1610 3888 1639 3936 et
1650 3878 1767 3949 regulari
1780 3879 1847 3945 rita,

217 3953 392 4010 beatitudiuis
404 3952 548 4010 refecerint
563 3970 656 4011 teram
671 3957 801 4014 habentes
814 3959 886 4015 inter
900 3976 929 4015 sc
940 3962 1006 4016 cha·
1056 3976 1084 4021 ει
1106 3968 1233 4023 castitate
1256 3970 1390 4040 corporis,
1408 3978 1435 4024 et
1450 3969 1591 4027 charitatis
1613 3969 1764 4025 ohedientia
1789 3970 1849 4025 dics

216 4048 336 4114 ritatem,
358 4062 438 4117 quam
455 4063 506 4118 cgo
528 4056 592 4120 opto
615 4048 648 4103 de
672 4063 731 4105 mea
754 4050 886 4119 parvitate
911 4051 1007 4107 vestris
1056 4059 1349 4130 suosusqueinlinem
1358 4061 1552 4131 perduxerunt.
1568 4061 1847 4131 llornmestregnum

216 4139 334 4194 llrrniter
355 4138 486 4195 inhaerere
503 4139 647 4205 mentibus,
674 4139 745 4194 sicut
766 4139 832 4194 olim
847 4140 913 4196 mibi
927 4150 1005 4195 ante·
1057 4149 1197 4215 emiorum,
1221 4150 1293 4221 quod
1314 4149 1407 4207 labore
1428 4152 1621 4222 acquisierunt,
1647 4153 1694 4223 qui
1708 4166 1758 4223 pro
1769 4151 1848 4208 uobis

216 4239 338 4285 cessores
349 4228 433 4284 uestri
446 4228 490 4299 pia
503 4228 640 4285 voluntate
653 4229 844 4300 promiserunt·
1057 4240 1227 4296 intercedant
1247 4240 1378 4311 quotidie,
1401 4250 1535 4312 quatenus
1555 4242 1589 4298 ad
1612 4243 1720 4299 illorum
1733 4241 1847 4300 societa-

250 4317 341 4376 Locus
358 4332 423 4375 rero
441 4318 616 4375 habitationis
637 4326 735 4376 restrae
754 4319 820 4374 mihi
842 4319 920 4376 valde
936 4320 1007 4377 desi·
1057 4341 1122 4397 rem,
1144 4331 1200 4389 neo
1221 4334 1348 4399 (tonante,
1372 4333 1515 4405 pervenire
1537 4333 1705 4390 mercamini.
1720 4333 1848 4405 (turnips-

217 4409 345 4465 dcrabilis
368 4408 430 4475 luit,
451 4408 515 4465 licet
537 4425 581 4464 me
597 4410 716 4466 conditio
731 4411 879 4482 peregrinae
894 4427 1006 4468 eonver-
1057 4429 1117 4476 rens
1130 4421 1201 4477 bens
1213 4431 1312 4478 cestr-n
1324 4424 1511 4480 unanimitatis
1522 4426 1693 4481 machetem
1704 4424 1733 4480 in
1746 4432 1847 4480 aeterna

217 4499 329 4556 sationis
340 4498 419 4569 longe
431 4499 534 4555 tulisset
549 4516 564 4553 a
577 4500 671 4566 vobis;
685 4501 809 4571 quamtis
819 4517 940 4573 corpore,
956 4503 1003 4558 sed
1020 4499 1224 4568 Ducarttudtnc
1236 4514 1355 4569 adunare
1366 4514 1502 4586 dignetur,
1514 4514 1621 4571 liomini
1635 4515 1747 4572 iratres!

218 4588 371 4644 nullatenus
384 4588 525 4652 charitate,
539 4589 601 4658 quia
614 4592 704 4645 omitia
721 4606 781 4660 quaa
791 4593 862 4663 apud
875 4608 923 4648 vos
935 4592 1007 4648 ride
1265 4643 1320 4718 M
1338 4644 1353 4684 b
1371 4643 1539 4701 EPISTOLA
1557 4646 1638 4703 xm

217 4679 290 4744 bam,
305 4679 362 4735 sire
382 4679 409 4734 in
430 4679 641 4737 habitationibus
659 4683 809 4748 domorum,
833 4686 890 4741 sire
902 4686 930 4740 in
943 4702 1006 4742 oon-

218 4768 371 4823 versatione
387 4769 449 4825 ritae
464 4769 605 4841 regularis,
620 4771 697 4827 valde
710 4774 776 4828 mibi
792 4774 960 4843 placuerunt,
980 4784 1008 4831 et
1294 4780 1327 4819 ⁸¹³
1345 4780 1469 4820 Cli⁰l⁰¹
1488 4781 1608 4821 ''Acili''-

219 4858 322 4914 utinam
339 4867 368 4913 ut
382 4860 437 4916 lieo
455 4876 562 4932 semper
579 4861 685 4932 placeat
706 4864 814 4933 pietatis
832 4875 930 4921 vcstrae
943 4866 1007 4923 obe·
1304 4871 1394 4943 (Circa
1409 4888 1509 4928 annum
1525 4874 1600 4946 795.)

218 4951 332 5018 dientia,
347 4960 375 5006 ει
386 4951 535 5018 humilitas,
560 4963 589 5008 et
612 4955 743 5024 regularis
761 4956 823 5010 rito
840 4957 1003 5013 observatio.
1057 4980 1161 5035 gagga,
1180 4980 1255 5036 guum
1269 5000 1284 5035 a
1296 4984 1413 5053 porentia
1433 4983 1556 5038 cruentari
1569 4995 1593 5039 et
1606 4988 1791 5056 predicatione
1805 4991 1850 5045 di-

218 5044 282 5098 llaec
304 5051 346 5099 est
364 5043 423 5100 laus
443 5053 533 5099 restra
555 5059 647 5101 coram
668 5045 832 5111 bominibus,
855 5055 886 5100 ut
904 5046 960 5102 sive
977 5046 1005 5102 in
1091 5052 1158 5105 eine
1178 5051 1249 5122 lepis,
1277 5064 1401 5123 tanquam
1424 5063 1549 5108 rectorem
1562 5057 1652 5126 populi
1665 5067 1691 5111 er
1704 5058 1847 5115 doctorem.

218 5125 400 5198 uestimentis,
419 5133 476 5190 sire
489 5134 515 5189 in
529 5135 654 5190 omnibus
673 5137 837 5191 monachicae
850 5136 913 5192 ritae
925 5138 1006 5194 disci·
1091 5118 1182 5192 Carpit
1193 5138 1307 5175 “mrem
1320 5121 1537 5193 Ad⁰lilfssn⁰i²10h

117 5286 121 5293 p
216 5221 298 5297 plinis
317 5223 432 5280 tirmiter
446 5224 636 5301 permaneatis,
649 5225 719 5280 sicut
732 5234 824 5296 patres
840 5227 934 5295 renni,
954 5228 1006 5284 viri
1093 5232 1223 5289 Veniente
1235 5234 1270 5290 ad
1285 5250 1335 5291 nos
1350 5234 1405 5291 tilio
1425 5248 1520 5294 nostro
1541 5237 1673 5307 Candido,
1693 5252 1785 5299 vestro
1799 5260 1846 5300 au·

253 5391 267 5421 ⁸
280 5378 314 5434 ln
331 5379 415 5433 tancti
432 5377 504 5434 Petri
517 5379 635 5436 ecclesio.
650 5378 745 5437 Plures
757 5388 820 5436 sunt
834 5382 964 5448 ecclesiae,
977 5391 1006 5439 et
1055 5395 1141 5449 erato.
1157 5387 1317 5442 aedillcatnm
1332 5388 1392 5442 ibit.
1419 5389 1479 5445 vid.
1494 5401 1572 5447 notas
1586 5401 1692 5450 nostras
1714 5397 1747 5450 ad
1766 5397 1845 5466 epist.

219 5447 381 5503 monasteria
392 5448 469 5519 plura
488 5454 575 5505 sancti
589 5450 662 5506 Petri
677 5452 788 5521 apostoli
802 5453 952 5534 patrocinio
966 5453 1005 5508 di·
1056 5454 1099 5509 tt.
1121 5455 1243 5510 Praesens
1263 5472 1329 5527 ergo
1351 5458 1465 5526 epistola
1486 5462 1519 5517 ad
1540 5464 1688 5521 monachos
1711 5465 1847 5522 wiremu-

219 5518 395 5581 cata;‘inter
416 5519 474 5573 hac
485 5529 640 5576 recensetur
665 5532 858 5578 monasterium
881 5521 1006 5578 Wircnse
1055 5525 1165 5580 thensas
1184 5525 1283 5594 scripta
1304 5537 1355 5590 est,
1380 5527 1452 5584 inter
1473 5546 1539 5601 quos
1564 5532 1631 5588 lien.
1657 5534 1738 5590 Beda.
1765 5549 1846 5607 quern

219 5600 267 5640 reu
282 5585 499 5643 wiremuthense
520 5587 547 5642 in
569 5591 611 5645 An
630 5590 675 5654 tia,
718 5593 801 5648 unda
818 5592 898 5648 beato
920 5592 1005 5648 Bene
1056 5603 1182 5663 tanquam
1200 5596 1359 5665 magistmm
1380 5614 1412 5653 ac
1432 5607 1574 5670 patronum
1592 5603 1663 5659 illius
1679 5603 1728 5658 lori
1743 5606 1843 5670 tendat,
1897 5624 1902 5632 ·

219 5648 292 5712 dicto
304 5655 427 5725 biscopo,
446 5671 499 5712 una
519 5672 581 5713 cum
601 5605 686 5716 altero
699 5607 833 5717 &irasmi
846 5663 880 5716 sd
892 5661 1005 5716 alteram
1056 5665 1190 5720 enutritus
1200 5671 1228 5719 et
1240 5666 1369 5723 educatus
1381 5667 1441 5723 luit.

221 5726 307 5795 ripam
327 5723 411 5781 Wirae
431 5726 528 5792 aronis,
552 5738 645 5784 sancto
668 5728 751 5785 Paulo
772 5731 891 5799 apostolo
910 5746 1005 5786 arnse-
1092 5733 1174 5805 ¹²25
1195 5733 1251 5792 lloc
1268 5738 1387 5807 epistola
1406 5738 1585 5811 fragruentum
1609 5744 1680 5814 apud
1699 5742 1844 5812 Querccta·
