4075 6192
1425 165 1440 196 Ο

167 262 224 319 sne
891 257 1071 315 srtsrotm
1758 265 1814 327 500

167 371 324 449 praesentis
339 385 390 430 nee
404 371 594 442 nmetgloria
610 379 747 442 perpetem
767 371 943 428 beatitudinis
958 392 964 427 :
981 368 1153 440 Asuirjicere
1180 370 1293 428 consilio
1321 369 1439 426 decrevi.
1473 370 1552 438 Quia,
1576 383 1607 434 ut
1632 379 1813 448 veirtatem,

169 466 236 538 qnia
261 463 431 522 solummodo
456 477 521 517 sera
542 470 586 517 est
607 461 817 533 sapiendoque
832 464 927 519 beatos
941 472 969 519 et
1020 462 1151 533 quidquid
1173 477 1223 532 per
1246 462 1293 518 Ilei
1317 461 1473 517 miserantis
1495 463 1611 533 gratiam
1633 468 1699 525 mibi
1724 480 1813 530 restra

169 554 475 618 auersosellicietdies.
489 554 552 610 ilaec
561 554 635 612 eninr
646 564 765 614 uestram
776 557 905 627 eptimam
916 557 969 614 sol·
1020 553 1129 624 pietatis
1142 553 1311 623 providentia
1326 553 1457 623 disposuit
1479 556 1629 627 agendum,
1650 564 1814 624 omnimodis

171 648 355 713 belunenen,
382 646 497 704 Domine
519 646 559 702 mi
583 646 679 715 Dauid,
702 663 810 718 semper
833 665 926 706 amare
942 660 971 708 et
1019 662 1151 717 prospere
1165 645 1231 702 mibi
1251 646 1407 716 peruenisse
1424 648 1546 716 probavi.
1568 649 1636 710 Nam
1651 652 1732 711 teres
1749 665 1815 713 ante

170 741 325 815 praedicare
348 740 543 812 rameseiam
559 755 710 812 omnesque
732 742 767 797 ad
785 757 846 798 eam
861 743 969 799 discen
1020 746 1074 801 bne
1096 744 1310 815 quinquennium
1335 742 1479 798 saeculares
1502 747 1703 820 occupationes,
1726 750 1812 806 Deum

172 835 237 892 den
248 833 398 899 ammian,
415 833 508 889 imoet
523 833 642 906 premiis
661 834 865 905 honoribusque
891 836 969 892 solli-
1020 843 1117 900 testor,
1142 850 1197 890 non
1211 826 1274 889 dcto
1293 833 1376 889 eorde
1395 831 1532 888 declinare
1549 836 1675 906 eogitari.
1696 837 1749 895 Sed
1766 856 1814 895 ue·

173 922 275 989 citare,
288 932 416 993 atqnees
430 921 546 978 dirersis
572 922 664 978 mundi
688 924 812 993 partibus
834 933 973 984 amatores
1021 937 1086 983 strae
1102 926 1153 997 pin
1173 925 1349 996 providentiae
1371 924 1504 990 consilio,
1537 926 1683 984 translatus
1704 945 1765 988 sum
1786 931 1814 986 ia
1868 976 1877 984 .

126 1087 130 1094 Ι
173 1016 359 1076 illinsrestne
372 1014 450 1070 boen
463 1013 594 1070 uoluntati
605 1012 743 1084 adularer
754 1031 905 1075 murocare
914 1026 972 1073 stn-
1022 1019 1163 1076 servitium
1176 1017 1262 1073 sancti
1277 1016 1394 1079 Martini,
1419 1016 1479 1072 tidci
1495 1020 1634 1075 catbnlicae
1647 1022 1814 1078 eteoclesia-

174 1108 441 1178 misunleterquos
451 1108 589 1166 meetiam
604 1109 726 1168 intimum
739 1108 859 1179 ejusdem
871 1119 972 1168 sanctae
1022 1113 1097 1168 stine
1107 1110 1260 1174 sanctioni,
1284 1110 1403 1165 donante
1420 1108 1490 1174 beo,
1509 1110 1670 1180 proficuum.
1699 1111 1759 1167 Non
1770 1128 1815 1168 re·

174 1199 316 1269 sapientior
329 1198 517 1264 vernaculam,
532 1199 565 1260 dc
578 1200 681 1260 ultimis
704 1200 850 1258 Britannis
872 1200 972 1262 deibus
1022 1184 1107 1262 cessit
1118 1213 1208 1260 umen
1221 1202 1256 1258 de
1265 1201 1347 1257 corde
1359 1201 1459 1272 prioris
1469 1202 1615 1258 soluntntis
1625 1201 1748 1270 affectus,
1760 1204 1816 1261 sic·

174 1287 329 1344 adsciscere
336 1286 469 1354 enmstis3
483 1290 675 1358 atqueutinam
689 1297 744 1346 tam
754 1290 848 1350 utilem
856 1291 883 1348 in
892 1292 972 1347 dome
1022 1305 1053 1351 ut
1068 1302 1205 1354 transacto
1217 1307 1288 1347 anno
1300 1299 1398 1348 restrae
1409 1291 1503 1363 pietati
1512 1289 1568 1360 jam
1583 1293 1706 1362 predixi.

175 1377 223 1432 lini
235 1375 385 1441 seruolum.
398 1392 480 1447 quam
495 1378 678 1449 promptulum
689 1389 786 1436 vestrae
797 1379 909 1437 obedire
924 1396 973 1435 ro-
1059 1387 1123 1443 llaee
1136 1385 1226 1442 omnia
1240 1393 1330 1440 vestre
1352 1383 1506 1440 consideret
1517 1381 1635 1448 bonitas.
1658 1391 1685 1440 et
1696 1383 1740 1455 pia
1753 1399 1817 1455 pro-

174 1465 973 1542 luntatilQuiadiligensdillqebeminsacratissimupeetn-
1023 1479 1153 1540 missione
1171 1478 1304 1547 disponat,
1320 1476 1394 1547 quia,
1410 1482 1441 1530 ut
1452 1475 1576 1545 praediri,
1591 1483 1647 1534 teta
1661 1492 1729 1534 rnen
1739 1493 1816 1534 men·

174 1558 439 1630 ermamenarii
452 1559 632 1616 merosvelle
647 1561 970 1635 inveniretatetttqabam.
1024 1572 1058 1627 tis
1079 1569 1195 1625 intentio
1216 1569 1251 1624 ad
1270 1567 1400 1624 bonitatis
1423 1575 1521 1624 restra
1544 1567 1684 1625 serissime
1707 1570 1817 1643 respicit

212 1649 419 1721 llndeqttolidie
434 1651 610 1710 aridaoordis
620 1653 779 1719 intentione,
792 1657 930 1726 suspensis
945 1658 971 1714 in
1023 1660 1176 1717 mosilinm.
1197 1658 1253 1715 Nee
1265 1658 1317 1713 alio
1328 1673 1358 1712 se
1369 1657 1490 1728 quolibet
1503 1656 1614 1730 [Farte,
1635 1659 1679 1715 alii
1698 1677 1728 1717 se
1739 1662 1817 1719 cuili-

175 1742 438 1806 neminemnam
452 1743 573 1810 turnus,
588 1744 719 1801 mitteres
732 1747 972 1817 eramnuuntm
989 1718 1080 1823 Bnet]
1103 1749 1205 1815 nnn
1229 1748 1293 1819 qma
1314 1748 1342 1802 m
1361 1756 1387 1802 n
1406 1755 1462 1803 nn
1478 1748 1643 1808 intimitatis
1656 1754 1818 1809 maenum-

178 1832 383 1894 nuntiarentdo
396 1832 746 1894 dominomeodnlcissimo
757 1836 973 1909 Darid2qnando
1023 1856 1156 1913 quemeae
1170 1839 1319 1896 consolatio
1338 1839 1463 1902 intenilit.
1491 1839 1717 1897 Intersratresin
1731 1844 1818 1901 eccle-
1910 1865 1912 1869 ·

179 1926 289 1984 domum
302 1927 419 1993 redirem
442 1929 551 1998 quando
560 1921 678 1999 p'atriam
697 1940 888 1990 reuerterettus
903 1933 974 1989 Tan-
1023 1935 1064 1989 sla
1078 1932 1166 1989 sancti
1177 1929 1283 1988 uarum
1296 1929 1351 1985 lieo
1365 1928 1482 2006 lidelitcr
1495 1929 1644 1987 servientes
1666 1933 1756 1988 risere
1774 1933 1816 1990 rel

179 2015 628 2086 demntqaradnqnannissem,
643 2028 797 2090 ceroptata
811 2037 974 2080 connumer-
1017 2023 1211 2094 requiescere‚
1235 2020 1290 2076 lleo
1315 2018 1477 2084 miserante,
1501 2020 1561 2076 sine
1584 2018 1638 2076 ulla
1651 2019 1818 2080 dubitatione

180 2106 248 2161 tium
275 2106 404 2164 desiderii
427 2108 480 2162 mci
507 2108 627 2164 insenuit
643 2110 777 2166 auribus:
793 2109 975 2181 lamiamque
1023 2113 1163 2179 desidero;
1198 2109 1372 2183 ejusdemque
1401 2109 1552 2166 beatissimi
1576 2111 1694 2180 pectoris
1716 2110 1817 2184 [Forte

177 2198 284 2265 reniet3
301 2196 384 2266 tiam
407 2198 488 2269 Alpes
508 2200 643 2265 transivit.
656 2216 735 2270 qnam
751 2202 922 2264 tantoanimi
936 2203 975 2257 tui
1024 2200 1197 2275 protectoris]
1218 2200 1302 2256 uestri
1325 2198 1485 2271 participem
1513 2213 1573 2255 esse
1597 2199 1818 2260 inritantem

176 2287 295 2357 lavore,
310 2305 328 2347 o
342 2289 448 2355 Albine,
463 2293 558 2347 adesse
572 2293 682 2363 optasti.
699 2293 768 2354 Tum
786 2309 837 2365 ege
849 2301 975 2365 repetens
1026 2305 1144 2354 uestram
1177 2293 1351 2352 dilectionem
1378 2290 1571 2360 perpetualiter
1595 2300 1669 2361 opta.
1709 2291 1818 2364 llncque

178 2380 277 2438 iterum
286 2390 370 2451 atque
380 2381 479 2438 iterum
490 2382 656 2454 lacrymabili
669 2399 735 2442 vore
747 2382 978 2442 clamarizdbn-
1025 2385 1110 2441 Deum
1133 2383 1249 2442 assiduis
1270 2380 1396 2452 precibus
1422 2382 1547 2447 obscero,
1571 2389 1601 2436 nt
1623 2397 1742 2451 praesens
1764 2384 1820 2439 sita

181 2473 339 2530 minelesul
351 2487 436 2543 quare
447 2488 501 2530 non
513 2473 562 2530 das
572 2473 639 2532 milri
650 2488 753 2544 pennas
767 2473 881 2543 aquilae?
890 2488 975 2545 quare
1025 2476 1190 2535 excellentiae
1202 2482 1299 2530 restrae
1309 2472 1367 2542 eius
1382 2472 1468 2529 sancti
1490 2472 1730 2532 intercessionibus
1743 2473 1820 2545 adju-

181 2582 234 2623 non
249 2565 458 2622 translationem
481 2564 609 2628 Habente
632 2568 772 2637 prophete
796 2582 849 2621 nnn
864 2568 918 2632 die,
932 2565 976 2621 rel
1025 2577 1113 2633 netur,
1126 2572 1294 2636 protegatur,
1309 2572 1336 2619 et
1349 2563 1495 2628 consistat;
1519 2571 1619 2632 etpost
1630 2563 1701 2620 bane
1718 2575 1819 2622 aterna

128 2653 133 2662 '
178 2657 259 2712 etiam
274 2657 343 2712 bora
357 2655 494 2721 concedis,
504 2662 534 2711 ut
548 2656 695 2727 amplectar
702 2665 731 2712 et
743 2656 850 2716 osculer
863 2658 975 2729 onogia
1025 2675 1088 2718 cum
1102 2659 1197 2715 eodem
1210 2656 1376 2711 beatitudine
1388 2653 1489 2725 pertrui
1502 2655 1645 2722 merearis,
1657 2655 1764 2714 dominc
1775 2657 1819 2714 di·

185 2745 260 2818 151
277 2746 350 2802 illins
366 2745 519 2818 charissimi
531 2746 596 2811 mei,
617 2754 646 2802 et
656 2762 739 2818 snper
756 2763 837 2806 omne
855 2749 928 2819 qnod
946 2749 975 2805 in
1025 2749 1173 2806 lectissime
1189 2754 1216 2803 et
1227 2744 1474 2803 desiderantissime
1485 2744 1579 2808 barti.

184 2840 235 2897 bne
250 2840 352 2904 mando
366 2841 452 2896 arnari
470 2848 571 2910 potest,
585 2840 734 2898 dulcissimi
755 2842 848 2900 oeulos
869 2842 976 2898 rideam
1219 2856 1299 2928 152
1311 2855 1325 2896 ι
1338 2852 1506 2912 Eppsqoqq
1523 2853 1630 2912 cxxx,

183 2931 362 3000 clarissimum
387 2930 468 2986 rerba
491 2930 821 3000 audiamjucuadissimal
846 2933 895 2990 Vel
910 2933 976 3003 quid
1178 2949 1184 2960 ²
1325 2965 1359 3004 q„
1383 2963 1518 3006 pamm,

184 3030 212 3076 tu
222 3021 343 3088 inimica,
352 3029 472 3092 tempore
480 3022 644 3092 importuno,
652 3023 840 3094 menpprimis,
848 3022 941 3090 febris,
948 3033 977 3081 et
988 3056 1012 3116 c
1336 3040 1426 3113 (qum
1438 3041 1513 3109 801.)
1528 3069 1531 3076 ,

183 3127 236 3168 ¹¹⁰⁰
247 3112 437 3184 lefmiffiifflfl
450 3112 529 3172 ⁵⁰¹5st
543 3113 666 3184 001001ῑῦ
677 3115 730 3172 ¹⁰03
741 3115 976 3190 dhefflifflsfflldi»
1030 3120 1154 3208 Epistola
1165 3134 1319 3205 responden
1332 3133 1467 3188 unistrarn
1487 3132 1661 3203 suspicionem
1676 3150 1694 3185 s
1709 3149 1736 3188 se
1747 3149 1819 3190 asse

183 3210 215 3257 nt
227 3203 269 3258 rel
283 3203 360 3260 tarde
374 3201 431 3269 tat,
446 3206 517 3276 quon
530 3204 585 3262 cito
608 3220 662 3266 non
679 3205 768 3264 vatem
785 3204 912 3264 attamen
924 3208 977 3264 boe
1062 3215 1112 3268 an.
1131 3203 1373 3276 malesessum,
1396 3203 1442 3265 ata,
1465 3219 1530 3274 qnos
1551 3201 1819 3284 meermannianam

183 3292 317 3352 adeamus
342 3295 425 3351 peperi
446 3295 602 3364 mimimo
616 3296 694 3353 panus
707 3298 812 3362 mugio.
834 3296 977 3356 musenim
1057 3276 1178 3349 justitias
1200 3273 1358 3357 sumendus..
1376 3271 1430 3326 Pro
1452 3271 1678 3355 seDenmornn',
1701 3281 1725 3327 et
1740 3270 1821 3355 boni

1017 3366 1021 3374 ⁴
1061 3362 1146 3417 pape,
1162 3343 1277 3400 Paulino
1289 3343 1456 3415 pntnnrelroe,
1465 3351 1489 3396 et
1500 3340 1580 3396 Petro
1593 3339 1782 3396 Mediolanensi
1793 3359 1821 3397 se

186 3384 364 3489 ἥψω
375 3393 497 3442 'mmm
510 3396 608 3446 ΨΜ
619 3388 727 3446 ‘mm
742 3389 920 3448 mmm
933 3389 977 3445 ὣ
1061 3415 1240 3471 commendari
1251 3415 1332 3485 eupit.
1354 3412 1485 3467 Hortatur
1494 3412 1598 3465 minem
1615 3412 1649 3465 nd
1669 3413 1743 3482 pses's
1753 3413 1822 3468 inter

185 3476 298 3532 lectioni
311 3477 423 3548 dirigere
434 3478 536 3544 studui,
549 3478 652 3536 babens
665 3480 693 3536 in
711 3495 792 3538 manu
806 3481 975 3545 munands,
1037 3505 1039 3510 ¹
1062 3486 1253 3548 eedesinsticas
1264 3499 1390 3556 personas
1403 3481 1568 3537 restituendae
1578 3482 1677 3538 stadie.

184 3569 274 3642 gratia
286 3569 409 3642 senioris,
419 3578 525 3651 ,metus
537 3570 665 3630 ebetrtolli
680 3570 784 3644 [inne.
796 3582 875 3645 prata
888 3574 978 3630 smin-
1052 3584 1211 3642 teramum
1217 3577 1820 3652 Patrilqmaeevangaltaanttununsalntem.

185 3662 224 3719 ἢ*
242 3662 327 3720 '⁶⁸³¹
349 3662 500 3736 ‘immi’
513 3671 541 3722 ‘d
562 3666 589 3728 in
612 3678 660 3724 ⁰¹0
672 3666 841 3724 0000050000
854 3666 978 3735 millii&ri
1062 3680 1201 3736 Venerunt
1211 3677 1277 3732 nrihi
1291 3683 1387 3731 vestre
1401 3672 1553 3728 dilectionis
1565 3672 1657 3742 apioes
1670 3671 1750 3728 mede
1760 3672 1821 3728 dul·

184 3755 347 3822 voluntates,
360 3772 440 3826 quent
449 3757 602 3829 benignitas
613 3765 714 3822 rostra,
727 3757 917 3815 melemmtnr
929 3773 974 3814 es·
1027 3769 1127 3834 censes,
1138 3782 1206 3823 suan
1224 3765 1324 3835 obryzo
1340 3763 1491 3834 gratiores,
1514 3761 1681 3820 munusculis
1698 3762 1823 3834 sigltata
1854 3813 1861 3829 ,

186 3846 253 3912 diat,
266 3848 392 3904 obsecro.
509 3910 512 3917 ⁵
967 3879 977 3886 -·
1028 3856 1215 3918 warennis:
1234 3855 1262 3912 in
1277 3853 1376 3924 quibus
1387 3861 1548 3922 perpetuum
1560 3862 1662 3911 sancte
1679 3852 1823 3911 charitatis

219 3938 338 4009 Tempus
357 3947 399 3994 est
426 3948 456 3994 ut
479 3947 608 4009 agnoscat
632 3939 779 3997 infirmitas
802 3939 977 4012 fragilitatem
1029 3949 1151 4017 rigerem
1171 3943 1303 4002 lucardis
1318 3943 1402 4000 nestri
1425 3957 1525 3998 arcane
1539 3945 1652 4014 agnoui,
1675 3960 1823 4016 quamnee

185 4046 273 4098 mam,
286 4041 314 4087 et
326 4040 382 4087 tota
397 4047 426 4087 se
437 4032 559 4088 conterat
572 4032 783 4088 instabilitatem
797 4033 894 4088 animm
905 4046 976 4088 suae:
1028 4036 1124 4107 Alpina
1139 4035 1260 4106 frigora,
1283 4049 1333 4089 neu
1353 4031 1440 4088 italici
1456 4040 1538 4090 {estus
1557 4032 1715 4089 subuertere
1726 4044 1823 4103 potue

185 4123 349 4195 utquamris
362 4123 480 4184 exterior
490 4124 571 4180 borao
582 4137 715 4184 annorum
727 4140 841 4182 numero
853 4123 978 4182 relator·
1030 4136 1108 4190 ruat:
1133 4126 1182 4184 sed
1196 4126 1267 4181 inter
1289 4139 1385 4180 emtres
1399 4122 1479 4193 buius
1500 4121 1590 4184 saecnli
1610 4122 1784 4179 diversitates
1794 4131 1823 4182 et

185 4213 281 4271 borum
298 4214 422 4274 molestia
438 4223 610 4282 conteratur,
629 4226 719 4272 tamen
742 4227 888 4276 renovetur
908 4216 979 4273 desi-
1029 4221 1191 4293 caliginosas
1214 4225 1387 4289 tempestates
1417 4215 1496 4286 quasi
1524 4215 1674 4296 matutinus
1699 4214 1820 4283 Lucifer,

184 4300 262 4358 derio
274 4301 371 4358 salutis
390 4311 500 4358 eternae
521 4303 634 4359 interior
651 4304 685 4359 de
703 4303 746 4360 die
759 4303 787 4362 iu
800 4302 881 4361 diem.
901 4302 979 4370 cuod
1030 4325 1138 4380 semper
1156 4324 1226 4366 nora
1246 4308 1377 4366 exoritur.
1399 4307 1439 4366 lle
1455 4323 1509 4377 qua
1528 4314 1555 4360 et
1567 4305 1624 4377 ipsa
1638 4306 1746 4364 Veritas
1758 4307 1818 4362 eit:

183 4391 303 4463 qualiter
323 4391 382 4447 lieri
398 4393 515 4458 debeat.
537 4402 796 4449 mensuralem
809 4392 977 4469 pietatiset·
990 4402 1016 4470 1)
1030 4398 1335 4457 llandetansnounatdn
1352 4397 1423 4453 nobis
1434 4397 1525 4468 (loen.
1539 4412 1600 4460 xrtr,
1617 4395 1675 4466 dl).
1695 4394 1816 4461 Notum

182 4490 290 4554 spectat
317 4483 470 4539 eonsilium.
515 4483 583 4539 Nam
610 4484 633 4541 si
656 4499 777 4555 praeceps
800 4485 976 4554 pugnantium
1029 4491 1093 4563 qaia
1107 4490 1312 4563 evangelicum:
1339 4496 1434 4555 retus;
1452 4488 1515 4558 quio
1534 4487 1619 4558 legale
1633 4506 1639 4540 :
1652 4487 1679 4546 in
1697 4503 1752 4558 qno
1765 4498 1822 4543 tota

182 4576 361 4647 presumptio
376 4592 448 4646 saepe
466 4576 493 4632 in
511 4578 659 4648 periculum
672 4579 761 4645 eadit,
775 4585 876 4647 quante
891 4578 978 4648 magis
1028 4583 1072 4638 len
1082 4582 1176 4653 pendet
1188 4589 1212 4635 et
1232 4580 1363 4651 propiante
1387 4577 1495 4648 (Hasta.
1519 4595 1587 4646 snit,
1598 4577 1643 4642 10)
1654 4595 1662 4644 ;
1675 4578 1702 4633 ia
1714 4594 1768 4649 qun
1780 4589 1822 4635 to-

184 4665 234 4740 qui
247 4665 370 4738 spiritale
385 4666 454 4721 inire
468 4666 569 4735 cogitat
582 4676 736 4730 certamen,
761 4667 782 4721 si
797 4666 909 4722 consilio
923 4682 976 4721 nnn
1030 4671 1084 4732 tius
1092 4670 1186 4742 gratie
1198 4684 1303 4725 semetra
1314 4668 1448 4724 consistit.
1467 4667 1569 4726 Nonum
1582 4683 1589 4722 :
1603 4669 1665 4738 quin
1676 4669 1749 4737 snam
1761 4670 1823 4721 mni.

185 4760 291 4832 reqitnr
311 4759 456 4831 pmdenti‚
479 4774 528 4832 per
545 4759 619 4815 trices
638 4758 978 4816 incertasudatrietnriai
1029 4763 1059 4820 tit
1074 4765 1193 4818 timerent
1219 4759 1245 4833 (l
1257 4760 1337 4816 donn.
1353 4775 1393 4825 ιι,
1409 4759 1463 4831 tt).
1492 4758 1561 4826 Quia
1581 4760 1653 4829 qued
1676 4775 1757 4830 praue
1772 4757 1823 4814 luit

183 4851 263 4919 Quod
278 4867 314 4906 ¹¹0
326 4850 415 4916 fieret.
437 4856 531 4906 800010
544 4848 684 4919 probibuit
697 4847 851 4917 501ῑο1018,
865 4847 976 4903 didius:
1029 4870 1078 4925 per
1095 4851 1236 4917 timorem,
1256 4850 1313 4907 leve
1325 4852 1378 4907 erit
1391 4865 1440 4919 per
1455 4865 1584 4915 eruorem,
1606 4857 1722 4910 leowine
1732 4847 1822 4904 diari-

184 4944 283 5002 llmnis
309 4942 352 4999 lae
374 4958 424 5014 per
446 4942 606 5007 membrum.
633 4949 726 5011 postea
757 4957 811 4998 non
836 4942 980 5012 penitens
1030 4944 1094 5000 tatis
1107 4942 1197 4999 tonte:
1214 4941 1311 5012 lanam
1331 4955 1416 4995 menn
1437 4955 1516 4994 sanae
1536 4947 1584 5004 est,
1604 4946 1629 4996 et
1650 4953 1716 4994 onss
1733 4951 1821 4994 neunt

186 5031 283 5104 (decli.
299 5046 383 5095 xisti,
404 5029 461 5102 il).
489 5030 546 5086 llec
566 5030 668 5102 optime
691 5030 796 5096 sciens,
820 5032 874 5088 mei
895 5032 981 5102 ipsius
1029 5031 1083 5094 lene
1103 5043 1141 5090 est
1166 5031 1327 5104 (dotalem,
1344 5028 1400 5100 50).
1419 5026 1551 5097 Exbnius
1568 5025 1725 5090 iarototius
1741 5025 1821 5084 cbar-

186 5123 277 5182 rniuns
296 5119 435 5182 wnbdeas
456 5119 634 5196 dispositione
653 5129 751 5180 restrae
767 5123 917 5191 prudentiae
937 5137 981 5179 me
1032 5123 1095 5182 tate
1108 5133 1160 5181 tue
1182 5121 1350 5191 resplenduit
1374 5121 1469 5180 series.
1498 5116 1600 5178 Credas
1621 5116 1716 5184 selim,
1741 5113 1822 5178 Pater

223 5247 237 5276 ⁸
254 5233 318 5291 lnrn
334 5233 411 5306 Alpes
426 5235 555 5289 transivit.
578 5235 611 5290 al
631 5250 661 5290 se
673 5232 893 5307 veromandinse)
909 5233 981 5292 erle·
1067 5244 1079 5273 ⁰
1100 5232 1166 5287 nme
1193 5231 1241 5284 doe
1260 5230 1475 5310 quinquennium.
1496 5227 1597 5310 Nempe
1613 5240 1683 5280 anno
1698 5224 1761 5308 100.
1781 5223 1822 5292 Ex

184 5303 266 5361 brato
282 5305 368 5362 natali
382 5305 468 5361 sancti
481 5302 593 5360 loannis
611 5251 739 5378 inpiam
757 5306 826 5378 apud
837 5306 980 5378 Epnreiam
1032 5306 1084 5359 linc
1093 5303 1151 5358 loeo
1165 5301 1248 5374 igitur
1262 5299 1587 5382 celliqrtrrrtempnsinru
1604 5296 1639 5352 ab
1650 5294 1763 5354 alcuino
1778 5309 1822 5354 re-

130 5423 136 5436 ,
199 5374 284 5443 lrree,
299 5375 587 5438 nrbsPedemontiilA
633 5376 850 5449 stranspiessus
871 5376 897 5430 in
916 5374 980 5430 Gal·
1032 5373 1138 5446 giminis
1153 5369 1539 5426 monasterusanctrllartmr.

196 5446 252 5502 iam
262 5461 391 5502 reversas
404 5454 456 5501 est.
474 5445 593 5500 »tanat
628 5448 749 5504 niseliani
761 5448 795 5502 ad
808 5462 872 5500 ann.
885 5445 948 5502 801.
1067 5443 1081 5486 d
1100 5443 1170 5498 Edit.
1182 5439 1283 5493 llabill.
1300 5438 1333 5493 10
1349 5439 1394 5493 ubi
1416 5437 1555 5520 inscriptio
1575 5436 1638 5520 talis
1661 5444 1724 5519 est:¹
1743 5433 1824 5496 Vene-

222 5518 237 5557 ¹¹
256 5516 416 5572 Candidum.
433 5515 482 5571 llic
491 5516 536 5570 ille
549 5524 591 5571 est
603 5517 807 5583 Winqnlenini
821 5515 980 5588 discipulus,
1034 5512 1117 5567 tando
1128 5510 1214 5575 Petri,
1233 5507 1387 5580 ennnpelicoe
1400 5507 1517 5562 lectimns
1528 5508 1637 5562 darton.
1653 5504 1705 5565 Sed
1718 5509 1824 5582 integra

185 5601 268 5711 sffpnem
280 5583 422 5658 Peniuspe
472 5586 981 5642 ramcnnlnnditanmalternCandidn
1033 5592 1060 5638 et
1074 5580 1214 5638 emendata
1226 5580 1271 5634 hie
1280 5578 1368 5651 prodit
1382 5593 1415 5633 ex
1437 5580 1496 5634 cod.
1514 5594 1565 5634 ms.
1578 5575 1676 5634 Salisb.
1694 5575 1822 5632 (Froben.

210 5657 315 5714 uidensi
341 5671 439 5713 monne
458 5672 484 5720 e,
503 5657 537 5712 de
553 5672 607 5728 qno
631 5656 658 5710 in
686 5656 753 5714 illst.
781 5657 834 5712 Lit.
861 5654 982 5714 Franclce
1034 5653 1113 5724 epist.
1132 5648 1203 5723 tui.)

190 5732 256 5783 mm.
269 5727 304 5792 tl.
319 5741 381 5797 psq.
398 5728 440 5781 tu.
458 5727 623 5783 Carenrrnr.
