4075 6192
246 328 295 388 bil
677 333 707 388 B.
727 332 758 387 f.
779 331 892 387 exerat
911 329 976 387 SEU
995 326 1292 386 archimandrita
1312 325 1401 385 PARS
1415 325 1436 383 i.
1818 316 1873 379 dli

246 444 338 515 (ioan.
358 462 407 512 vrr,
433 442 489 513 58).
515 442 543 497 st
567 443 676 497 modam
698 438 814 505 excessi,
834 439 955 511 ignoscat
980 435 1268 508 minturnensium
1282 431 1591 505 dissipttlnignitttem
1606 428 1783 499 evltsvultta
1796 443 1875 489 rew-

247 538 341 615 [Frrrte
359 539 410 612 leq.
433 537 495 609 quia
514 534 644 608 chanaaei
661 535 770 590 modurn
794 546 848 588 non
870 534 962 598 hahet,
986 529 1033 601 qni
1082 528 1198 585 remiam
1214 533 1356 582 mammas
1372 536 1459 593 usone
1475 522 1512 577 ad
1531 520 1696 589 amintam.
1717 518 1787 575 Nam
1802 528 1877 591 (μω

248 629 338 688 omnia
358 629 482 686 sustinet.
497 622 587 682 'l'ralre
603 634 646 679 me
658 630 718 695 post
731 630 758 678 te
774 620 911 693 precibus,
925 628 955 675 nt
972 635 1034 675 enr-
1082 619 1146 676 olirn
1156 616 1295 689 apostolici
1305 614 1400 671 Patres
1409 614 1464 670 suls
1476 612 1584 682 scriptis
1598 611 1626 666 ln
1640 610 1877 668 matronensem

249 735 341 776 ramus
352 718 433 775 simul
446 718 480 773 ad
493 718 616 774 bravium
628 728 750 785 supernae
763 711 932 768 vocationis:
946 710 1035 766 virtus
1083 706 1145 762 ddei
1163 704 1302 761 catholicae
1317 704 1433 760 dirersis
1451 700 1545 757 mnndi
1562 699 1685 770 partibas
1699 706 1877 772 peragerunt,

249 808 357 869 deiecit,
375 809 427 865 nisi
442 806 562 862 iraterna
576 802 725 860 consolatio
739 801 861 857 sublevet
878 799 990 864 lassum,
1006 804 1035 853 et
1083 795 1136 849 hoc
1145 801 1235 848 vestra
1245 792 1415 848 sanctissima
1426 790 1577 846 sollicitudo
1588 789 1700 859 implere
1710 804 1762 845 non
1773 798 1875 846 comat.

249 900 336 970 erigat
346 898 492 969 jacentem.
508 888 577 961 Quiri
590 901 633 949 est
649 890 720 962 qaod
738 890 857 945 charitas
872 900 925 942 non
937 887 1031 958 possit,
1119 882 1175 939 lioe
1193 883 1316 939 mirabile
1329 891 1357 937 et
1371 882 1488 953 speciale
1501 882 1529 936 in
1546 888 1573 935 te
1587 880 1696 951 pietatis
1710 879 1760 935 liei
1773 880 1878 937 donam

250 991 313 1045 darn
331 992 359 1043 ln
371 1001 405 1043 eo
417 985 511 1054 estqui
530 984 619 1038 omnia
636 980 746 1052 potest?
757 978 816 1033 Noli
836 975 970 1048 negligere
984 974 1037 1029 ira·
1082 971 1269 1044 praedicamus,
1283 971 1355 1041 qnod
1372 976 1446 1024 tanta
1465 968 1607 1024 devotione
1621 967 1756 1023 licelesias
1772 967 1877 1026 Christi

250 1090 354 1134 ternam
368 1077 491 1132 salutem.
506 1073 629 1130 Christus
647 1072 765 1142 seipsam
780 1084 830 1140 pro
848 1066 1037 1138 peccatoribus
1085 1077 1099 1117 a
1118 1060 1281 1131 perildorurn
1297 1060 1428 1116 doctrinis
1443 1058 1604 1113 intrinsecus
1621 1072 1736 1128 purgare
1750 1060 1878 1130 merique

252 1167 382 1233 tradidit;
408 1165 471 1235 qnid
499 1172 527 1218 tn
552 1163 634 1218 rerba
665 1158 803 1215 subtrahis
828 1155 1035 1219 exhortationis,
1084 1152 1195 1213 niteris,
1220 1157 1321 1220 quanta
1337 1148 1518 1206 lorinsecusa
1537 1148 1689 1203 vastatione
1706 1163 1878 1219 paganorunt

252 1260 296 1314 eui
312 1258 357 1315 ille
371 1260 529 1329 sanguinem
543 1269 621 1309 suum
634 1248 829 1317 nonnegaviti
844 1246 970 1317 Nunquid
985 1245 1036 1299 ali-
1085 1238 1281 1295 detendererei
1295 1251 1447 1307 propagare
1469 1234 1585 1291 canaria
1608 1234 1878 1307 mecumgens«

249 1366 330 1421 quern
351 1348 521 1419 peregrinum
540 1345 675 1401 aestimare
693 1343 786 1407 debes,
803 1340 867 1395 dnm
890 1354 984 1395 omnes
1008 1338 1037 1392 in
1087 1325 1423 1400 [tesimmlvencvandem
1436 1323 1624 1382 excellentiam
1643 1325 1736 1380 dextra
1755 1325 1879 1397 branna

250 1440 359 1496 Christo
371 1446 432 1494 sant
447 1436 540 1493 eires?
551 1434 676 1491 Charitas
687 1444 818 1502 personas
834 1444 888 1485 non
903 1429 1036 1492 miratam
1087 1416 1175 1473 <litlot
1187 1417 1302 1473 tvmtiil
1312 1423 1440 1487 poissins,
1452 1416 1481 1470 in
1490 1415 1589 1485 quibua
1600 1415 1688 1470 victor
1697 1415 1879 1477 landabiliset

248 1546 341 1588 saccos
362 1539 487 1602 pertusos
503 1542 556 1583 non
571 1526 661 1589 lrnbct,
679 1536 729 1579 aee
752 1525 899 1591 congregat
923 1519 1038 1573 densum
1086 1507 1266 1578 triumphator
1280 1506 1414 1578 gloriosas
1426 1505 1531 1561 existis
1556 1504 1633 1561 Unde
1646 1505 1722 1561 etad
1738 1506 1880 1563 interioris

248 1623 336 1677 latum
355 1635 437 1690 super
455 1633 503 1683 se;
519 1617 565 1672 sed
579 1623 620 1670 est
637 1614 768 1676 modesta,
786 1609 913 1679 benigna,
931 1605 1039 1661 miseri-
1087 1610 1184 1668 βψω
1196 1610 1361 1667 genusmeae
1380 1595 1522 1665 parvitatis
1539 1593 1710 1649 devotionern
1729 1609 1880 1662 provocare

248 1727 310 1768 cors
325 1720 351 1766 et
365 1710 484 1766 clemens
496 1725 504 1770 ,·
514 1707 543 1761 in
560 1720 613 1775 qna
624 1711 651 1759 te
663 1702 806 1763 custodiat,
822 1699 868 1769 qni
881 1706 908 1753 te
928 1697 956 1752 in
967 1694 1038 1751 ovile
1088 1685 1229 1742 militiis:
1242 1685 1319 1754 cuiue
1333 1684 1491 1741 certaminis
1503 1683 1594 1738 sudori
1608 1682 1725 1739 libenter
1735 1686 1878 1751 suoenhul,

248 1801 421 1872 congregavit
438 1798 520 1861 illins,
534 1794 700 1850 transierens
714 1793 747 1847 de
762 1789 889 1844 ductibus
911 1786 962 1842 ieri
979 1801 1037 1842 ma·
1052 1772 1077 1832 Β
1090 1782 1121 1829 ¹¹¹
1131 1786 1143 1814 ⁰
1155 1774 1182 1830 5¹¹
1195 1774 1295 1837 libello·
1310 1788 1391 1843 il⁰⁰¹¹¹
1403 1781 1500 1829 iem
1512 1787 1599 1843 ⁰⁰9⁰?
1610 1771 1762 1827 mmmm
1773 1771 1879 1843 illimis

247 1893 296 1957 ris,
310 1898 341 1945 ut
352 1904 426 1944 esses
442 1887 520 1951 aries,
540 1886 582 1940 cni
603 1883 675 1938 nulla
695 1880 845 1952 iniquitatis
857 1886 978 1950 potestas
992 1893 1036 1934 ve·
1086 1866 1196 1935 idss⁰⁵0¹
1209 1863 1310 1934 Ρθωῐῑῑ
1320 1880 1326 1915 ²
1337 1861 1401 1917 ¹5⁰⁰*
1416 1861 1530 1917 ”elidum
1545 1870 1642 1916 Vffliae
1654 1861 1826 1917 &ssewiimiss
1837 1862 1880 1918 εἰ·

249 1982 345 2036 sistere
358 1978 495 2033 caluisset.
513 1973 614 2044 hdjnva
624 1978 791 2044 precantem,
805 1978 837 2025 ut
848 1971 940 2025 vincat
952 1969 979 2025 in
991 1980 1036 2036 eo,
1086 1952 1149 2024 &¹¹⁰
1159 1951 1375 2009 fflmdfflllbeffi
1393 1959 1514 2007 ¹0⁰⁰‘0m
1534 1950 1722 2006 “infimum
1742 1966 1881 2023 ωδῦθῐθ·

251 2071 296 2141 qai
308 2071 375 2124 vicit
386 2069 413 2123 in
429 2076 454 2123 te
467 2064 546 2134 hujus
560 2063 649 2120 seculi
665 2063 817 2126 vanitates;
831 2061 877 2129 qui
891 2074 957 2115 vooe
969 2073 1036 2115 cotr-

250 2161 377 2216 solatoria
396 2158 452 2212 suis
464 2157 532 2210 dixit
551 2153 707 2224 discipulis:
721 2149 901 2205 Haeclocutus
913 2164 971 2203 rant
991 2164 1037 2202 oo·

248 2252 296 2315 hia,
317 2263 345 2305 nt
364 2251 392 2304 in
413 2266 454 2302 me
469 2262 558 2318 pacem
578 2239 872 2307 intercontinuante
888 2254 1038 2309 prestarent

251 2340 389 2405 hahebitis,
411 2337 456 2393 ted
471 2334 603 2404 confidite,
614 2333 677 2404 qnia
691 2347 738 2402 ego
747 2330 796 2385 eici
807 2328 933 2382 mnttdent
945 2326 1036 2397 (ioan.

253 2446 309 2496 rvr,
324 2428 381 2499 hh).
395 2427 521 2483 Christus
536 2424 583 2478 bei
604 2422 688 2476 Filius
709 2428 736 2475 te
759 2419 890 2473 victorem
909 2416 991 2471 iaciat
1011 2423 1040 2470 et

251 2520 375 2578 exaudiat
388 2518 499 2574 inomni
511 2529 602 2585 prece,
619 2510 778 2567 charnaime
792 2507 886 2562 nater.

521 2639 535 2668 ¹
555 2622 721 2681 EPISTOLA
736 2621 766 2677 C.

1087 2042 1149 2096 rina.
1171 2041 1206 2096 Et
1221 2041 1281 2106 hoc,
1298 2055 1370 2105 reor,
1383 2039 1425 2096 rel
1436 2041 1564 2095 tarditate
1574 2039 1724 2109 portitoris,
1736 2040 1778 2095 vel
1788 2056 1880 2111 angu-

1086 2130 1393 2200 stiatemporisgesturn
1403 2144 1472 2185 esse.
1492 2128 1737 2185 Nullatenussolita
1748 2130 1882 2188 bonitatis

1087 2229 1183 2276 rostra
1197 2222 1363 2277 consuetudo
1383 2220 1410 2275 in
1431 2219 1552 2289 pluribus
1576 2219 1628 2275 boo
1649 2234 1730 2293 agero
1751 2221 1883 2279 litterulis

1088 2320 1205 2374 recusat,
1227 2311 1299 2381 qaod
1323 2310 1350 2364 in
1373 2310 1522 2365 rarioribus
1537 2309 1636 2379 sapias
1649 2308 1747 2366 trane
1759 2325 1883 2381 oonrper-

1089 2412 1146 2458 lun
1158 2411 1209 2459 eal.

1121 2514 1264 2573 Clnrtulas
1275 2530 1340 2571 vero
1352 2513 1537 2571 calculationis
1544 2530 1640 2572 curans
1647 2515 1759 2585 lunaris,
1769 2523 1810 2574 rei
1821 2517 1879 2574 bis-

1089 2609 1192 2666 sextilis
1202 2608 1415 2680 praeparationis,
1427 2623 1496 2679 quas
1508 2616 1608 2665 nostre
1620 2610 1753 2666 devotioni
1767 2611 1882 2667 tradidi-

503 2714 537 2752 xn
555 2710 661 2752 oonnmr
682 2706 780 2748 nacta.

550 2788 639 2861 (Anno
657 2785 733 2857 8⁰0.)
823 2808 826 2813 ·

249 2883 344 2941 Cereio
358 2886 459 2941 iteratis
471 2883 563 2936 litteris
574 2879 719 2948 respondet.
735 2877 836 2932 undat
851 2877 983 2947 religionis
997 2893 1040 2931 ze-

263 2997 265 3002 .
283 2958 492 3026 inm,pietctem,
508 2949 620 3021 regalem
632 2948 792 3019 potentiam,
806 2950 959 3004 memoriam
974 2948 1040 3018 [aad

283 3030 316 3080 de
328 3023 485 3098 quibasdam
498 3020 594 3075 chartis
614 3018 738 3089 compati.

284 3115 428 3173 Benedicta
441 3121 522 3183 atque
533 3111 606 3168 omni
621 3111 759 3181 sapientiae
770 3108 868 3165 decore
883 3101 1076 3185 praefulgidae

249 3204 333 3259 liavid
346 3203 411 3275 regi,
427 3202 540 3258 Flaccus
554 3202 666 3256 Albinus
678 3202 704 3256 in
719 3201 828 3257 Christo
842 3198 966 3254 salutern.

285 3295 361 3353 Licet
386 3292 509 3366 proxime
533 3293 567 3348 ad
597 3291 766 3348 clementiam
789 3299 908 3346 vestram
931 3288 1039 3359 gemina

250 3383 349 3453 scripta
363 3382 517 3445 direxerim,
532 3396 648 3450 quorum
662 3395 743 3435 annm
760 3380 880 3436 debitum
899 3377 1040 3434 salutatio-

250 3476 293 3531 nis
304 3472 426 3547 impleret
442 3469 590 3545 [odicium],
611 3468 683 3524 aliud
701 3466 840 3538 cujusdam
859 3466 1040 3535 responsionrs

247 3569 310 3639 jara
332 3574 455 3622 teneret:
473 3575 561 3619 tamen
585 3561 727 3617 occasione
749 3569 847 3614 vestra
866 3556 1041 3614 beatitudinis

251 3659 401 3716 litterarum
415 3663 534 3727 accepta,
550 3652 710 3723 respondere
723 3658 866 3719 utrumque
878 3645 946 3720 [.li.,
956 3646 1039 3702 utris·

250 3765 318 3820 qne,
330 3751 397 3821 torre
411 3745 558 3818 utcunque]
569 3744 705 3810 convenit,
717 3758 784 3815 quas
796 3740 940 3813 inmineret
952 3755 1041 3796 scren-

252 3840 296 3895 tiae
304 3848 332 3893 et
342 3838 464 3892 veritatis
474 3836 643 3905 indagatione
652 3834 745 3905 plenas
755 3838 917 3887 veneranter
925 3829 1016 3899 accepi
1031 3845 1039 3895 ς

250 3940 278 3985 et
292 3943 389 3998 magno
401 3925 547 3999 gratiarnm
562 3923 676 3980 aetionis
693 3922 782 3977 studio
800 3920 884 3977 licum
902 3919 1038 3984 berredixi,

250 4019 296 4091 qni
310 4019 409 4074 virtute
422 4015 482 4072 ildei
496 4027 525 4072 et
543 4014 656 4072 rationis
667 4011 833 4082 experientia
846 4018 942 4065 vestrae
954 4008 1041 4078 pieta·

251 4112 287 4166 tis
298 4119 392 4183 peetus
405 4106 574 4164 abundanter
586 4103 688 4176 implet.
707 4102 745 4156 lta
755 4108 786 4156 ut
798 4100 825 4154 in
840 4114 873 4155 eo
884 4098 1041 4168 praerogati-

252 4219 284 4257 va
296 4198 470 4257 sacerdotalis
481 4197 618 4258 doctrina,
633 4193 777 4248 voluntatis
790 4191 887 4261 pietas,
902 4199 929 4245 et
942 4188 1041 4259 regalis

250 4290 371 4367 potentia
381 4287 567 4356 splendescere
578 4280 768 4352 comprobetur
781 4280 917 4333 maxime:
930 4277 993 4347 qtria
1011 4277 1041 4331 il-

251 4380 299 4434 des
310 4374 453 4437 catholica,
469 4387 528 4445 qnae
541 4371 642 4442 ubique
656 4370 735 4426 debet
748 4382 808 4425 esse
820 4383 873 4423 una
886 4376 914 4424 et
924 4367 951 4421 in
965 4365 1038 4422 nullo

251 4465 397 4529 dissimilis,
412 4479 462 4536 per
478 4471 594 4520 vestram
609 4461 807 4517 sanctissimam
820 4457 1037 4520 sollicitudinem,
1053 4466 1079 4530 Ι)

252 4557 266 4594 ¹³
281 4554 374 4623 sopitis
387 4553 561 4608 schismatum
579 4552 726 4616 erroribus,
744 4548 885 4621 predicari
899 4555 926 4604 et
938 4545 1040 4618 pollere

251 4643 425 4714 dignoscitur.
449 4644 483 4698 Et
502 4650 632 4713 guantum
656 4643 731 4713 regni
752 4641 872 4713 potentia
893 4638 1039 4711 praelatas,

252 4739 357 4787 tantam
369 4731 506 4803 sapientiae
518 4729 616 4786 decore
628 4740 656 4784 et
669 4737 768 4785 sanetae
783 4729 921 4799 religionis
935 4726 1040 4781 lerrore

252 4824 377 4882 omnibns
393 4823 534 4896 praecellis.
554 4821 629 4878 Felix
651 4821 765 4891 populus
788 4819 899 4892 quitali
920 4817 1040 4888 principe

251 4914 350 4987 gaudet
362 4934 369 4970 :
382 4914 462 4988 122
472 4914 498 4968 in
512 4913 589 4983 crrjrrs
598 4911 778 4983 prosperitate
791 4909 864 4966 salus
881 4919 1039 4966 cunctorum

249 5004 389 5071 consistit;
399 5004 425 5059 in
432 5002 648 5073 euirrshilaritate
657 5002 776 5058 omnium
788 5003 894 5056 animus
902 5003 1038 5072 gaudebit,

250 5103 280 5150 ut
293 5094 393 5151 &tum
404 5101 446 5150 est
458 5112 464 5147 :
476 5091 509 5148 ln
518 5092 650 5149 hilaritate
661 5093 727 5162 regis
741 5092 792 5146 rita
804 5089 895 5162 (Pron.
912 5108 968 5160 xrr,
983 5093 1039 5165 ts).

1089 2699 1139 2756 etis
1150 2698 1340 2769 explorandas,
1355 2697 1506 2752 invenimus
1516 2712 1579 2769 erga
1590 2698 1805 2755 mensurationes
1818 2699 1881 2754 dili·

1088 2790 1247 2863 gentissime
1267 2789 1425 2859 exqrrisitas,
1446 2789 1602 2846 acutissime
1619 2790 1752 2859 inventas,
1766 2793 1881 2848 nobilis·

1090 2881 1157 2936 sime
1167 2880 1296 2949 prolatas.
1319 2877 1352 2932 Et
1362 2878 1433 2949 quod
1444 2893 1505 2933 mea
1518 2878 1582 2934 olim
1595 2879 1748 2937 devotioris
1759 2882 1880 2938 bissexto

1089 2973 1182 3042 paucis
1195 2970 1332 3027 inchoavit
1340 2968 1510 3037 ratiunculis,
1521 2979 1611 3026 vestra
1621 2973 1793 3044 sagacissima
1803 2973 1881 3030 rada-

1090 3061 1164 3133 gatio
1176 3059 1284 3129 copiose
1294 3059 1446 3131 complevit.
1467 3057 1595 3125 Quamvis
1605 3060 1829 3116 corrsiderandnm
1842 3064 1883 3117 sit

1091 3167 1139 3207 cnr
1152 3151 1179 3206 in
1191 3149 1352 3220 quibusdam
1367 3148 1514 3214 mensibus,
1529 3146 1563 3204 ad
1576 3150 1684 3205 eosdem
1699 3150 1794 3206 diesin
1808 3168 1882 3207 arrno

1088 3241 1217 3305 secundo,
1236 3239 1316 3297 tertio
1330 3237 1372 3293 vel
1389 3247 1486 3308 quarto
1503 3245 1646 3308 computus
1667 3254 1762 3296 eursrts
1783 3240 1883 3297 solaris

1090 3349 1143 3389 non
1164 3331 1340 3405 pervenisset.
1360 3329 1425 3385 item
1442 3328 1548 3386 facilior
1563 3336 1591 3385 et
1609 3331 1757 3401 expeditior
1777 3331 1883 3389 lunaris

1017 3467 1026 3478 .
1090 3439 1185 3480 cursus
1202 3422 1357 3492 supputatio
1375 3435 1453 3490 posse
1470 3420 1583 3475 inveniri
1598 3420 1712 3477 videtur.
1735 3422 1810 3478 Licet
1822 3423 1881 3479 haec

1089 3515 1189 3583 optima
1205 3522 1233 3567 et
1245 3512 1400 3567 acutissima
1418 3513 1552 3581 usquead
1568 3527 1650 3567 unum
1665 3513 1821 3583 scrupulum
1838 3514 1881 3570 vel

1088 3603 1195 3660 silicam
1212 3600 1267 3676 [di.
1282 3600 1427 3674 siliculum]
1443 3601 1568 3658 distincte
1585 3609 1612 3657 et
1623 3610 1700 3656 caute
1714 3618 1825 3659 currere
1839 3605 1883 3659 in-

984 3740 990 3753 .
1090 3692 1232 3763 telligatur.
1253 3690 1342 3746 llirexi
1357 3676 1522 3745 excellentiae
1532 3698 1626 3745 restrae
1636 3697 1882 3761 stamenquarunt-

1090 3785 1152 3841 darn
1163 3781 1382 3854 supputationum
1401 3779 1415 3821 ά
1431 3779 1465 3836 de
1483 3780 1548 3835 solis
1565 3781 1685 3850 lunaque
1702 3795 1752 3851 per
1770 3781 1883 3852 signife-

1090 3890 1149 3930 ram
1173 3870 1328 3928 eursu:cui
1352 3869 1376 3925 si
1399 3871 1482 3925 vestri
1505 3871 1653 3927 acutissimi
1674 3886 1770 3927 sensus
1790 3873 1882 3929 subto·

1089 3979 1168 4037 gmen
1180 3962 1279 4017 addere
1291 3959 1432 4031 placuerit,
1453 3958 1523 4015 sorte
1539 3960 1630 4029 pueris
1643 3959 1768 4032 palatinis
1786 3972 1881 4021 contra

1089 4052 1175 4125 frigus
1186 4051 1327 4123 imperitiae
1339 4048 1446 4120 aliquod
1458 4048 1610 4104 vestimenti
1625 4065 1710 4120 genus
1731 4051 1783 4106 texi
1804 4061 1882 4121 pote·

1090 4146 1142 4211 rit;
1158 4148 1228 4200 sieut
1240 4143 1267 4198 in
1279 4142 1377 4213 prioris
1391 4150 1503 4196 texture
1513 4154 1555 4196 me
1568 4138 1633 4213 [.ll.,
1648 4140 1725 4215 rnen]
1736 4143 1817 4197 etiarn
1833 4159 1881 4199 or-

1090 4235 1226 4292 dinatione
1245 4236 1346 4305 optime
1369 4232 1466 4290 iecisse
1486 4233 1655 4303 protestaris.
1676 4232 1763 4288 hieurn
1782 4246 1826 4290 est
1847 4238 1882 4291 de

1089 4333 1169 4382 terrm
1180 4327 1291 4399 gremio,
1311 4325 1353 4381 vel
1369 4324 1454 4397 glebis
1468 4322 1670 4396 pulverulentis,
1687 4326 1746 4380 auri
1763 4326 1880 4384 effodere

1090 4425 1205 4471 atomos.
1227 4416 1353 4471 Vestrum
1377 4424 1419 4470 est
1432 4415 1522 4486 regale
1544 4415 1679 4481 diadema,
1701 4416 1815 4485 gemmis
1837 4433 1880 4472 sa-

1090 4506 1198 4578 pientiae
1215 4504 1410 4576 praeiulgidum,
1429 4504 1583 4563 venerando
1595 4514 1702 4577 gestare
1717 4508 1743 4560 in
1757 4508 1878 4562 vertice:

1090 4605 1223 4667 quatenns
1242 4594 1381 4651 laudabilis
1398 4596 1517 4667 potentia
1536 4605 1625 4653 vestra
1644 4597 1763 4652 omnium
1785 4597 1881 4656 lloreat

1089 4702 1187 4757 genere
1209 4689 1347 4753 virtutum,
1368 4694 1396 4743 et
1416 4687 1555 4757 multiplici
1577 4690 1734 4744 meritorum
1753 4687 1832 4745 lande
1845 4691 1882 4747 ad

1089 4778 1206 4835 coelestis
1217 4777 1293 4849 regni
1306 4777 1429 4850 gloriam,
1445 4778 1553 4836 Christo
1568 4789 1677 4851 regente
1691 4790 1771 4853 aterne
1780 4783 1882 4839 donan-

1088 4877 1128 4935 te,
1142 4870 1284 4940 pervenire
1296 4877 1441 4924 mereatur.

1124 5001 1221 5057 Vivere
1230 5015 1274 5056 me
1284 5001 1418 5057 terrlssix
1429 5002 1475 5057 vir
1485 5003 1550 5059 sinit
1561 5004 1683 5076 improba
1697 5006 1791 5077 febris,

1160 5090 1193 5145 Et
1206 5105 1249 5146 me
1263 5090 1373 5148 eoeleste
1385 5092 1516 5148 mandere
1526 5093 1610 5150 vultis
1623 5097 1685 5163 iter,

286 5260 299 5290 ¹
313 5247 385 5304 Edit.
399 5248 523 5318 Quercet.
539 5249 582 5311 tt,
596 5250 686 5305 urrais.
702 5249 720 5301 a
734 5249 860 5321 (Froben.
879 5249 925 5320 dli
942 5250 1038 5307 eodata
1089 5249 1171 5304 lixam
1184 5256 1212 5302 et
1226 5256 1347 5303 nostram
1361 5247 1474 5303 hissert.
1493 5250 1527 5305 de
1539 5248 1641 5305 liaeresi
1653 5248 1880 5320 adoptianorum.

252 5333 313 5375 enm
325 5318 385 5373 cod.
399 5319 464 5391 lleg.
481 5319 542 5376 Vnt.

1123 5316 1191 5371 the
1215 5316 1278 5371 talis
1302 5313 1422 5386 ienoepne
1444 5333 1490 5382 ner
1511 5319 1665 5389 signiferam
1686 5336 1775 5375 caran.
1801 5320 1882 5403 Quod

286 5387 336 5471 ἥδ
374 5388 415 5441 'tis
434 5389 602 5443 aeirirmanrm
624 5388 765 5442 amnon.
791 5386 853 5444 linae
875 5388 1040 5460 intelligode
1087 5385 1263 5441 hicuinusde
1277 5384 1342 5439 solis
1387 5385 1571 5456 rsigniierum
1585 5403 1665 5444 cursu
1679 5389 1732 5444 seri
1766 5389 1797 5453 it,
1813 5391 1881 5447 rllud

250 5464 337 5526 noprta
392 5457 444 5512 resi
457 5456 590 5512 delicians
604 5473 653 5529 per
665 5455 808 5513 masiliam
820 5456 1039 5528 Aquisgranense
1088 5454 1212 5511 fortassis
1225 5460 1343 5522 ommino
1378 5454 1586 5527 babetnrsupra
1599 5458 1625 5513 in
1640 5464 1719 5528 epist.
1770 5459 1881 5517 ebar-

253 5526 325 5581 clrea
338 5525 420 5581 linem
433 5527 496 5581 anni
509 5527 571 5582 aaa.

1088 5532 1145 5580 tam
1157 5537 1222 5578 vero
1242 5520 1354 5578 illumin
1371 5538 1423 5591 qua
1440 5527 1645 5595 supputationes
1666 5527 1699 5582 de
1713 5528 1783 5584 lunae
1795 5544 1880 5586 cursa

288 5593 456 5649 vintarith.
477 5595 563 5649 libris
580 5610 674 5665 nempe
687 5595 815 5651 adversus
827 5595 955 5659 Felicem,
970 5612 1039 5667 apros
1086 5608 1137 5664 per
1154 5590 1260 5663 singula
1273 5591 1348 5662 signa
1362 5595 1544 5661 continentur,
1563 5596 1598 5651 ad
1611 5596 1750 5721 epistolam
1767 5596 1803 5653 85
1815 5614 1882 5725 32:

253 5662 328 5743 regis
342 5662 464 5743 'auraici
492 5669 520 5716 et
542 5664 725 5743 approbationi
751 5664 875 5720 submisit
895 5665 971 5721 linito
992 5666 1039 5722 illo
1088 5662 1174 5718 uren
1195 5675 1228 5717 ex
1246 5661 1387 5732 utriunque
1407 5678 1468 5719 conr
1505 5665 1611 5723 radone

159 5800 162 5805 ,
253 5731 366 5791 contrito
381 5728 600 5797 hqrrrsgrnnensr.
616 5732 675 5785 tid.
686 5731 826 5797 epistolarrr
842 5732 875 5788 iis
888 5733 964 5789 libris
972 5750 1039 5805 prae-
1089 5733 1210 5789 ebnrtnnr
1233 5731 1304 5788 later
1320 5732 1453 5803 ilprrscnla
1490 5732 1653 5804 lrilosophica
1691 5732 1733 5793 .tt
1744 5736 1874 5806 reperies.

1645 5667 1651 5721 i
1672 5672 1728 5723 uel.
1746 5665 1814 5723 Earn
