4075 6192
229 350 284 409 its
660 342 690 400 B.
710 343 741 400 F.
761 344 872 400 snmus
892 342 957 401 SEU
976 338 1115 397 stetini
1133 333 1273 397 aennon
1293 339 1382 396 PARS
1400 338 1421 396 l.
1796 338 1850 395 tit

228 472 315 523 mam
327 462 463 532 pietatem.
500 456 541 510 Ab
565 454 610 509 illo
626 460 720 524 regere
736 453 863 524 populum
876 467 926 522 per
934 452 1014 523 justi·
1027 454 1053 512 Α
1066 449 1388 514 iactisod'errevolaisset,
1403 450 1516 505 haberet
1527 450 1853 508 conuenientesinterces-

230 554 304 615 dam,
320 551 354 606 ab
365 548 418 604 ista
431 543 548 614 compati
557 542 664 598 miseris
677 556 725 612 per
737 542 967 607 misericordiam
979 540 1013 595 ab
1065 541 1155 597 sioues
1165 556 1223 596 sue
1231 539 1370 595 voluntati.
1390 539 1515 594 Arbitror
1527 554 1575 594 ros
1586 539 1681 594 meiius
1690 540 1748 596 haec
1761 542 1853 595 omnia

228 636 506 709 utraquesbristiaoa
515 631 654 704 religionis
665 631 844 695 devotionem,
861 632 1015 686 orationum
1064 630 1107 685 rel
1121 631 1148 685 in
1160 630 1336 685 sacramentis
1352 628 1450 684 restris
1462 629 1627 699 conscripta,
1643 629 1685 683 uel
1699 630 1727 683 in
1740 644 1854 687 consue·

128 716 132 721 ⁴
228 729 395 793 instantiam,
410 725 642 794 eleemosynarum
654 721 815 792 largitatem,
827 730 855 776 et
866 720 1015 775 totiusultaa
1067 721 1157 776 tudine
1167 721 1322 790 quotidiana
1337 719 1446 775 babere.
1472 721 1572 776 Tamen
1585 735 1620 776 ue
1637 720 1794 776 inobediens
1802 736 1852 777 re·

227 819 411 877 sobrietatem.
433 815 474 871 Tu
485 814 597 871 baculus
610 811 755 869 senectutis
769 811 875 867 illorum
884 819 952 873 esto,
966 810 1016 864 bu-
1066 819 1129 866 strae
1140 825 1228 867 essem
1240 810 1386 876 dilectioni,
1403 810 1509 880 scripsi,
1525 810 1597 880 qnod
1607 826 1656 865 nos
1670 811 1697 865 in
1706 819 1853 871 consuetum

227 907 327 962 militer
338 907 445 961 illorum
456 903 584 960 obediam
593 903 749 972 praeceptis3
769 900 1015 972 quatennsillnrum
1066 900 1128 957 diue
1140 903 1280 967 habemus,
1297 910 1324 957 et
1334 903 1411 959 uobis
1422 903 1571 973 prolicnum
1584 904 1757 972 esseputavi,
1774 906 1855 960 obse·

169 1034 178 1051 .
228 1007 255 1053 te
269 997 420 1053 benedictio
437 1001 618 1063 consequatur
632 994 659 1049 in
685 1000 826 1047 ammom.
855 990 923 1046 Nam
938 989 1016 1059 juxta
1067 1008 1146 1049 crans
1160 1002 1189 1048 ut
1201 995 1254 1049 mei
1264 994 1381 1050 nominis
1391 996 1548 1050 memoriam
1563 995 1697 1062 habeatis,
1721 995 1764 1051 rel
1781 996 1856 1052 inter

229 1085 412 1150 Salomonem,
423 1082 575 1138 benedictio
586 1077 1014 1151 parentumliliosexaltatOEcali.
1068 1081 1126 1144 has,
1141 1080 1183 1135 rel
1195 1082 1265 1136 inter
1281 1082 1347 1139 alias
1359 1091 1455 1138 vestras
1466 1084 1619 1139 sanctitatis
1633 1083 1854 1141 intercessiones.

227 1191 270 1242 nt,
287 1175 343 1247 11).
366 1176 432 1230 ltem
449 1174 583 1230 idemait:
604 1170 688 1227 Filius
702 1174 806 1243 sapim
821 1170 904 1241 pluria
918 1178 955 1224 cst
967 1186 1016 1239 pa·
1068 1169 1104 1224 Ut
1116 1185 1180 1225 rere
1198 1169 1294 1235 fateor,
1322 1172 1434 1228 multam
1454 1174 1542 1229 habco
1566 1173 1692 1229 lidnciam
1714 1176 1741 1230 iu
1757 1178 1857 1233 vestris

227 1266 277 1321 tris
299 1263 389 1335 (Prae.
403 1278 430 1328 r,
446 1262 484 1334 1).
516 1261 576 1317 Noli
593 1259 847 1337 lnxndmesnbditns
863 1272 946 1324 esse,
970 1258 1017 1312 sed
1068 1262 1169 1318 sanetis
1185 1263 1353 1320 orationibus
1365 1265 1398 1320 ad
1418 1265 1624 1334 promerendam
1643 1265 1855 1323 misericordiam

228 1357 297 1412 Deo:
312 1356 375 1424 quia
387 1362 491 1410 castum
504 1360 634 1423 cnrpnset
646 1352 763 1409 animam
776 1351 849 1406 vitiis
861 1367 914 1405 non
926 1365 1017 1405 macu-
1068 1351 1700 1426 DomininostrilesuChristi‚qniuoscnstodiat
1708 1365 1736 1412 et
1747 1357 1857 1414 inomni

229 1453 312 1500 samm
330 1444 447 1515 Spiritus
460 1444 593 1500 inhabitat
604 1451 723 1497 sauctus.
739 1440 798 1497 Non
809 1441 887 1496 decet
899 1450 926 1495 te
940 1440 1018 1493 rusti·
1068 1442 1188 1497 bonitate
1198 1444 1329 1512 prolicere
1343 1442 1435 1508 iaciat,
1454 1452 1482 1499 et
1506 1444 1643 1500 orationes
1654 1452 1760 1501 uestras
1773 1461 1858 1501 exan-

228 1551 361 1592 comesse
379 1537 510 1601 moribus,
523 1535 566 1589 uel
579 1532 670 1588 uerbis
683 1533 864 1597 lasciviosum,
879 1532 924 1602 qui
938 1539 1018 1586 uatus
1069 1530 1127 1586 dire
1143 1530 1323 1601 digneturvel
1337 1547 1386 1602 pro
1407 1533 1529 1589 vitorum
1551 1534 1648 1599 salute,
1667 1533 1707 1588 rel
1734 1549 1784 1604 pro
1797 1550 1858 1590 mo·

228 1640 259 1681 ss
273 1626 301 1681 in
325 1626 394 1682 solio
408 1626 493 1695 regui.
526 1624 714 1694 Temperantia
729 1632 756 1679 et
766 1624 894 1678 honestas
909 1621 971 1674 ritae
993 1628 1019 1673 te
1070 1622 1196 1677 rientinm
1210 1622 1343 1692 pmlectn.
1371 1625 1421 1680 Vas
1433 1640 1509 1691 tero,
1526 1625 1577 1680 uiri
1587 1624 1700 1680 iratres!
1715 1626 1859 1682 inanitate

230 1717 373 1772 amabilem
389 1726 415 1773 et
427 1717 586 1785 laudabilem
602 1717 707 1771 curretis
720 1715 817 1770 alliciet
829 1712 944 1784 populis.
977 1711 1019 1765 lu·
1070 1715 1211 1771 charitatis
1223 1716 1338 1772 lirmiter
1349 1726 1514 1787 permanete,
1540 1726 1567 1772 et
1579 1718 1608 1772 iu
1620 1717 1778 1773 humilitatis
1791 1718 1860 1776 obe·

230 1810 290 1878 cipe
307 1811 378 1865 basa
406 1809 555 1879 promereri
572 1807 788 1873 couversatione,
814 1807 898 1862 mum
921 1805 1020 1874 ubique
1036 1796 1172 1860 Bdieotia
1184 1806 1297 1862 solerter
1310 1807 1438 1863 assistite.
1449 1808 1502 1863 lste
1513 1815 1555 1863 est
1564 1808 1652 1864 honor
1662 1816 1750 1863 vester
1763 1824 1858 1864 eoram

229 1900 330 1954 habere
340 1907 531 1967 protectorem.
556 1898 597 1952 Ex
607 1898 678 1952 illius
688 1898 759 1952 enim
775 1895 959 1952 misericordia
974 1903 1020 1949 tua
1071 1896 1240 1963 bominibus;
1252 1897 1304 1952 ista
1316 1898 1411 1954 estria
1425 1910 1516 1954 restra
1526 1899 1681 1968 adregnnm
1692 1899 1751 1953 liei.
1773 1899 1803 1953 ln
1818 1900 1860 1954 his

229 1988 353 2044 consistit
364 1988 540 2058 prosperitas.
564 1987 593 2042 si
606 1987 682 2042 illum
698 1994 755 2043 toto
779 1987 862 2043 corde
876 1985 1018 2049 amareris,
1070 1985 1142 2040 enirn
1159 1986 1334 2041 mercedema
1349 1980 1404 2042 lie'o
1417 2003 1526 2058 sperare
1539 1988 1658 2053 debetis;
1680 1989 1773 2044 adbos
1785 1989 1858 2044 enim

228 2085 257 2132 et
267 2077 339 2133 illins
351 2084 406 2132 tota
419 2077 566 2133 intentione
580 2077 694 2146 teipsum
706 2077 858 2133 subdideris
876 2074 1019 2138 uoluntati,
1069 2076 1255 2131 sanctissimas
1266 2079 1396 2143 tramites,
1412 2079 1532 2134 seniores
1543 2080 1587 2149 qui
1599 2088 1671 2144 suot,
1682 2078 1804 2148 juniores
1811 2078 1859 2134 de-

229 2167 657 2237 eraltahitteinressuopraeseuti.
673 2175 700 2221 at
712 2167 739 2220 in
750 2165 841 2221 loturo
851 2164 963 2234 gloriam
972 2164 1020 2218 tibi
1069 2166 1178 2221 ducant.
1216 2166 1350 2238 corripite
1369 2170 1563 2238 eosinspiritn
1585 2168 1811 2235 mansuetudinis,
1834 2176 1861 2223 et

230 2257 358 2311 oonoedet
371 2258 570 2325 sempiternam.
599 2256 693 2310 llirina
710 2265 736 2310 te
756 2256 784 2310 io
800 2255 875 2312 outni
899 2255 1020 2311 bonitate
1069 2255 1202 2312 baoaillis
1225 2259 1343 2327 proheta
1357 2260 1489 2329 exempla,
1512 2266 1542 2314 ut
1563 2261 1663 2315 uestris
1678 2260 1863 2315 sanctissimis

230 2345 524 2415 annominemus,
538 2344 574 2400 suli
587 2345 758 2401 charissime!
1069 2347 1190 2418 uestigiis
1201 2348 1363 2405 inhaerentes
1377 2351 1459 2405 vitam
1468 2352 1608 2407 uobiscum
1622 2352 1650 2406 in
1667 2351 1776 2408 Christo
1789 2366 1861 2407 sem·

493 2470 506 2498 a
525 2456 692 2512 Eppspopp
710 2456 753 2511 ῃ,
1069 2439 1203 2508 pitemam
1214 2439 1314 2496 habere
1326 2451 1490 2498 mereantur.
1517 2441 1650 2499 Saeculum
1663 2444 1735 2514 quod
1756 2442 1861 2514 spreui-

438 2545 471 2583 ao
491 2542 627 2583 uoracuos
642 2543 814 2584 venasrruos.
1069 2530 1128 2594 stis,
1144 2530 1227 2585 nolite
1236 2545 1369 2600 atterere,
1389 2532 1557 2603 sepiuscum
1564 2533 1699 2602 Propheta
1711 2534 1862 2588 decantan-

477 2618 567 2689 (Cirea
581 2635 680 2672 aunum
695 2618 769 2689 766.)
1069 2630 1125 2678 tes:
1146 2622 1250 2677 [nelina
1267 2640 1312 2678 cor
1323 2640 1408 2679 meunt
1422 2626 1451 2680 in
1473 2625 1621 2680 testimonia
1643 2634 1700 2691 tuo,
1719 2634 1743 2678 et
1765 2640 1817 2678 nan
1834 2624 1863 2678 in

235 2708 470 2769 lmesetrmssos
482 2706 686 2779 eliquatissima:
702 2706 809 2762 illarum
821 2708 1019 2763 morationibus
1069 2712 1207 2765 acontium
1222 2710 1308 2783 (Paul.
1328 2729 1421 2780 cxvrrr,
1444 2713 1500 2785 56).
1531 2714 1617 2769 Radix
1644 2714 1717 2769 enim
1740 2713 1861 2768 omnium

283 2779 455 2843 commendat,
476 2788 500 2832 et
514 2778 667 2832 adcinctos
681 2777 816 2849 sclipiasas
835 2778 965 2831 hortutur.
1069 2800 1201 2855 malorum
1216 2802 1348 2872 cupiditas
1366 2812 1417 2859 ρει.
1452 2804 1547 2860 Melius
1560 2813 1602 2860 es,
1621 2803 1694 2861 enim
1706 2804 1791 2859 Deum
1814 2805 1864 2858 ha,

264 2887 435 2944 Cbarissiruis
447 2888 475 2942 io
491 2887 599 2943 Christo
614 2887 744 2943 iratribus
759 2888 868 2944 humilis
879 2888 959 2942 levita
972 2886 1019 2942 hl·
1070 2890 1133 2946 bere
1147 2892 1173 2947 in
1186 2893 1278 2959 corde,
1299 2909 1379 2964 quam
1397 2911 1522 2952 nummos
1533 2896 1560 2950 io
1574 2896 1691 2951 sacculo.
1726 2894 1864 2950 Lectionis

229 2978 443 3035 binussalntem.
1069 2995 1155 3037 sacrae
1167 2982 1255 3038 studia
1266 2983 1337 3039 inter
1355 2985 1460 3041 labores
1471 2985 1736 3042 obedientiorestrae
1751 2984 1865 3055 diligen·

266 3069 343 3124 Sicut
360 3068 461 3124 domini
471 3068 586 3133 abbatis,
602 3076 746 3141 vestraque
756 3070 916 3126 suauissima
929 3067 1019 3124 chari-
1070 3072 1174 3128 tissime
1186 3083 1320 3140 exercete,
1334 3076 1371 3131 ita
1381 3077 1458 3132 utvel
1470 3092 1549 3147 opus,
1562 3077 1604 3132 rel
1615 3076 1722 3133 libellus
1734 3077 1761 3131 in
1775 3076 1864 3130 mani·

229 3158 465 3223 tasdemaodauit,
481 3158 495 3198 b
509 3172 661 3228 rersnsper
685 3159 805 3231 singulos
827 3160 920 3215 titulos
933 3160 1019 3215 eccle·
1070 3162 1122 3219 bus
1135 3179 1241 3233 semper
1254 3166 1376 3222 videatur
1396 3167 1503 3233 vestris,
1529 3167 1592 3237 qnia
1612 3167 1640 3222 in
1662 3167 1739 3222 libris
1761 3165 1864 3222 sanctis

229 3246 332 3302 siarum
350 3253 378 3301 et
391 3246 487 3301 altaria
497 3246 601 3315 singula
616 3248 788 3314 dietavimus,
805 3256 832 3303 et
846 3249 950 3303 utinam
963 3256 1019 3302 tam
1070 3254 1141 3310 heus
1152 3255 1272 3325 loquitur
1286 3256 1319 3311 nd
1342 3255 1488 3323 hominem,
1516 3266 1544 3312 aa
1566 3258 1593 3312 in
1618 3258 1785 3313 orationibus
1804 3257 1863 3312 suis

229 3334 425 3390 rationabiliter
438 3349 518 3404 quam
529 3336 663 3403 libenter;
679 3338 743 3407 quia
760 3346 857 3393 vestrae
868 3337 1020 3393 sanctitatis
1069 3346 1150 3402 homo
1171 3346 1290 3418 loquitur
1313 3347 1455 3403 adneum.
1493 3349 1563 3413 Quid
1588 3348 1694 3405 dulcius
1708 3350 1863 3404 damnasse

227 3425 316 3496 jussio
326 3427 463 3496 compellit
476 3428 559 3482 citato
571 3428 671 3483 dictare
685 3444 819 3495 sermone
832 3438 1018 3485 tameorestra
1068 3451 1150 3507 quam
1161 3436 1246 3492 Deum
1258 3437 1352 3492 audire
1363 3437 1534 3509 toquentem?
1562 3437 1591 3493 ln
1604 3439 1648 3493 his
1659 3439 1731 3493 enim
1746 3448 1774 3494 et
1789 3437 1861 3494 sola-

229 3516 459 3590 hlesstdtftndah
471 3534 531 3588 quaa
541 3526 632 3574 nostra
644 3519 781 3574 humilitas
793 3520 1020 3575 obedienterers·
1068 3527 1107 3580 tia
1127 3534 1264 3596 peccator,
1293 3529 1428 3598 etgaudia
1443 3528 1599 3585 benefactor
1623 3530 1751 3585 inueniet.
1785 3528 1862 3584 Sient

230 3608 309 3664 rasit.
331 3619 343 3648 ⁶
359 3608 454 3664 Missas
469 3623 576 3678 quanm
589 3609 732 3680 aliquasde
744 3621 837 3665 nostro
851 3610 900 3664 tuli
912 3610 1019 3667 ldissale
1068 3616 1113 3670 lux
1126 3616 1243 3672 laeuncat
1253 3618 1356 3683 oculos,
1369 3618 1407 3672 ita
1418 3604 1499 3673 lecha
1509 3619 1600 3674 corda.
1630 3615 1788 3673 Custodiam
1802 3618 1862 3672 oris

230 3699 265 3754 ad
277 3696 333 3770 60
347 3698 504 3768 quotidiana
518 3705 546 3754 et
559 3699 751 3755 ecclesiasticae
764 3701 965 3756 consuetudinis
975 3701 1017 3756 oi·
1068 3703 1211 3775 diligenter
1222 3704 1379 3760 observate:
1403 3706 1486 3761 rerba
1506 3719 1567 3775 aaa
1592 3705 1626 3762 ad
1650 3703 1861 3761 aedificationem

229 3791 301 3847 licia.
326 3790 417 3845 Primo
429 3790 456 3845 in
468 3791 569 3846 bonore
583 3806 695 3847 summm
712 3792 863 3857 Trinitatis,
875 3793 971 3849 deiude
984 3793 1019 3849 ad
1068 3792 1238 3848 audientibus
1251 3792 1352 3849 iaciant
1364 3793 1605 3864 semperprolerte,
1616 3794 1677 3865 quia
1688 3793 1802 3849 aliomm
1815 3809 1862 3849 sa·

229 3886 385 3936 sauctorum
399 3879 605 3935 intercessiones
617 3879 812 3951 deprecandas,
837 3881 918 3936 etiam
931 3889 958 3935 et
971 3897 1019 3936 ao·
1068 3881 1206 3939 lusrestra
1219 3891 1261 3939 est
1269 3883 1419 3940 retributio.
1432 3884 1504 3941 Laus
1515 3886 1621 3941 bomini
1633 3887 1862 3956 sempersooctin

228 3969 483 4042 goarumsumagu
489 3971 658 4042 postulanda,
671 3973 852 4042 nummultum
866 3973 1018 4029 necessaria
1067 3987 1115 4028 ore
1130 3982 1221 4031 vestro
1245 3974 1350 4031 dicente
1364 3974 1514 4046 Propheta:
1542 3978 1701 4033 Benedicent
1715 3975 1860 4031 bominum

228 4068 292 4117 suot
318 4060 345 4115 iu
371 4061 423 4116 bac
442 4063 659 4134 peregrinatione
685 4063 879 4120 laborantibus.
921 4063 1018 4120 Postea
1068 4066 1096 4119 in
1108 4065 1178 4119 omni
1189 4074 1312 4135 tempore,
1322 4082 1423 4138 semper
1437 4067 1496 4123 laus
1506 4069 1534 4122 in
1545 4068 1602 4138 ejus
1618 4069 1645 4123 in
1655 4082 1761 4122 aranea
1772 4065 1858 4137 (Paul.

228 4160 328 4208 sauctae
338 4150 385 4207 Dei
397 4152 535 4223 genbricis
546 4167 704 4224 semperque
716 4155 828 4226 uirginis
840 4155 931 4210 ilaris
954 4157 1021 4212 mis·
1068 4170 1166 4223 rxrrrt,
1180 4155 1219 4227 T).
1250 4154 1284 4211 Et
1302 4156 1401 4212 iterum
1419 4175 1426 4212 :
1444 4156 1613 4227 Sacrificium
1632 4154 1861 4225 laudiahonorip-

228 4257 286 4298 sam
296 4242 527 4313 superaddidimus
538 4258 587 4313 per
600 4245 775 4313 diesaliqnot,
786 4245 808 4299 si
819 4246 862 4302 cni
874 4246 1017 4316 placuerit,
1069 4246 1148 4311 colit,
1158 4244 1213 4300 illic
1223 4246 1283 4313 iter,
1297 4262 1348 4318 qna
1364 4248 1498 4303 ostendam
1516 4247 1557 4302 illi
1574 4246 1691 4302 salmace
1703 4245 1752 4302 Dei
1772 4244 1859 4316 (Psal.

227 4332 438 4397 decantandam
452 4347 503 4388 nea
515 4348 569 4388 nou
581 4341 608 4388 et
621 4333 707 4389 sancti
714 4333 823 4390 vedasti
836 4334 924 4391 Patris
936 4337 1018 4392 vestri
1069 4351 1144 4401 sarx,
1155 4336 1213 4407 23).
1232 4336 1351 4394 Necdum
1359 4338 1437 4404 mini,
1451 4339 1602 4395 charissimi
1617 4336 1862 4404 lmtres,ooenrrit

226 4419 456 4490 etlprotecloris
466 4422 552 4478 nostri
575 4423 736 4479 dictavimus
745 4423 865 4489 missam,
885 4433 1018 4495 quateutm
1070 4430 1176 4494 tempus
1197 4425 1316 4481 dictandi
1336 4436 1349 4466 0
1372 4426 1542 4483 homiliarem
1569 4427 1789 4487 admonitionem.
1812 4424 1862 4480 sed

227 4508 300 4565 illins
309 4508 451 4567 familiaris
460 4512 601 4570 aduocatio
612 4514 803 4583 sempitemnm
815 4515 873 4570 suis
885 4513 1018 4570 lamulan-
1069 4514 1125 4568 uita
1138 4514 1247 4579 comite,
1260 4513 1362 4586 Spiritu
1372 4524 1465 4573 sancto
1479 4516 1698 4588 inspirante,non
1708 4531 1756 4573 ero
1767 4516 1860 4570 immo-

226 4600 300 4657 tibns
312 4601 420 4659 aderrat
433 4603 568 4658 solatium.
587 4604 640 4660 Pro
658 4605 776 4674 parcatis
791 4620 898 4677 quoque
908 4614 935 4663 et
947 4607 1018 4663 elec-
1068 4622 1130 4663 mor
1142 4606 1280 4676 petitionis
1289 4615 1387 4664 restra
1401 4616 1429 4664 et
1447 4608 1635 4678 promissionis
1649 4622 1726 4664 mere.
1762 4606 1860 4661 Divina

226 4692 533 4762 mosynamiacieotibus
546 4692 716 4762 adjunximus
725 4696 873 4763 orationes,
885 4705 1018 4767 quatenus
1067 4710 1116 4752 vos
1129 4695 1272 4751 clementia
1287 4696 1315 4751 in
1331 4697 1405 4754 omni
1420 4697 1541 4753 bonitate
1563 4698 1660 4752 llorere
1677 4705 1705 4752 et
1725 4694 1860 4765 prolicere

227 4780 252 4837 si
266 4780 327 4850 quis
340 4781 382 4836 rei
391 4796 441 4852 pro
454 4783 510 4838 suis
523 4782 693 4855 negligentiis
701 4785 743 4842 rel
754 4800 803 4856 pro
810 4786 923 4842 aliorum
935 4788 1017 4844 bene-
1067 4782 1160 4850 iaciat,
1174 4781 1272 4839 iratres
1287 4783 1449 4841 charissimi.
1475 4786 1560 4842 Amen
1580 4783 1606 4839 ll

227 4893 263 4950 ab
273 4892 428 4949 auctoribus
438 4894 596 4962 appellatur,
607 4909 676 4965 quse,
690 4896 713 4951 si
720 4895 875 4952 Matthaeum
881 4896 1017 4954 Parisien-
1068 4906 1133 4953 tom.
1147 4893 1170 4951 ll
1185 4895 1231 4951 uhi
1248 4896 1331 4952 etiam
1342 4897 1398 4953 uid.
1412 4897 1540 4967 praeviam
1556 4895 1777 4953 admonitionem.

226 4962 425 5026 camaudimus,
435 4962 635 5033 Caroloblagoo
645 4964 732 5021 albaris
742 4964 802 5028 luit,
818 4964 1016 5037 etDridaprlus
1101 4964 1116 5007 d
1136 4965 1294 5021 Protectoris
1306 4967 1398 5021 nostri.
1417 4967 1546 5022 alcuinus
1560 4969 1611 5022 hoe
1622 4982 1655 5021 ex
1671 4966 1729 5020 loco
1745 4962 1863 5019 affectus

227 5031 309 5099 dicta,
331 5033 449 5102 quamin
462 5031 628 5088 Britanniam
640 5034 768 5090 uenisset.
785 5074 792 5088 .
807 5074 836 5089 ..
862 5035 915 5089 Sed
929 5037 1016 5106 pietas
1066 5036 1184 5091 marimo
1202 5034 1285 5091 luisse
1307 5037 1414 5093 uocum
1431 5046 1526 5093 sancto
1534 5037 1659 5099 vedasto,
1674 5033 1751 5103 cnjus
1766 5033 1858 5087 Vitam

225 5098 286 5170 elus
299 5112 357 5157 erat
366 5101 474 5174 generis
488 5099 618 5164 seminini,
644 5112 671 5158 et
683 5104 831 5173 potentiam
844 5106 1014 5178 nactadagc-
1066 5107 1148 5160 etiam
1172 5106 1385 5176 adpetitionem
1416 5106 1537 5163 lindaois
1564 5106 1673 5161 abbatis>
1699 5102 1861 5171 conseripsit

227 5171 333 5227 nerant
346 5173 437 5228 statim
445 5172 472 5226 in
483 5172 521 5238 id,
531 5173 603 5242 quod
614 5174 739 5243 impietas
751 5174 860 5231 dicitnr.
880 5195 889 5228 a
910 5175 1014 5233 Allord.
1066 5176 1139 5231 eirca
1153 5190 1253 5229 anunm
1267 5176 1319 5230 166
1333 5175 1433 5230 hlabill.
1445 5176 1497 5231 loo.
1506 5178 1553 5231 cit.
1577 5174 1725 5242 Quoetiam
1739 5181 1862 5241 tempore

226 5237 279 5295 loe.
289 5240 336 5294 cit.
352 5256 427 5297 uum.
441 5240 486 5297 38.
1085 5245 1204 5301 mbabile
1213 5252 1267 5311 est,
1279 5261 1340 5299 euos
1351 5244 1443 5300 titrrlos
1455 5246 1483 5300 in
1494 5244 1751 5301 ecclesiauedastina
1762 5240 1860 5298 iuscri-

262 5318 276 5349 ¹
294 5307 373 5364 Edita
390 5326 405 5365 a
419 5311 538 5367 blarteue
550 5321 577 5367 et
588 5312 713 5370 Durando
727 5314 824 5371 tomi.
838 5315 898 5371 llet.
913 5316 1013 5385 script.
1119 5315 1167 5371 dns
1179 5313 1306 5370 dictasse.
1326 5312 1468 5368 Mnaseus.

227 5384 255 5432 et
267 5376 392 5433 lionam
411 5378 429 5432 l.
444 5381 505 5437 ooli.
519 5397 581 5453 pag.
596 5383 735 5447 lb·5l‚ex
748 5385 949 5441 msllcdastiuo
962 5385 1015 5440 860
1103 5396 1116 5424 ⁶
1135 5382 1311 5437 flamiliarcrn
1324 5382 1538 5439 admonitionem.
1559 5383 1726 5439 Pmmissnm
1736 5378 1861 5450 implevit

227 5457 369 5502 asinorum.
393 5394 462 5504 Bata
472 5452 544 5506 circa
555 5464 656 5508 anuum
674 5454 727 5510 796
740 5470 794 5525 quo
807 5454 883 5512 Rada
907 5454 1015 5510 abbatia
1065 5451 1194 5507 hionium
1206 5452 1235 5506 ia
1251 5450 1377 5514 Romilia,
1402 5465 1450 5507 seu
1462 5454 1652 5510 adhortatione
1662 5451 1696 5507 ad
1712 5448 1860 5505 imitandas

227 5515 315 5571 sanni
327 5516 438 5575 Tcdasti
451 5518 566 5578 donatos
576 5531 628 5579 est.
644 5522 746 5579 llabill.
758 5524 806 5582 lib.
821 5541 900 5591 xrrt,
915 5524 1013 5580 huual.
1065 5522 1179 5577 uirttrtes
1185 5520 1273 5577 sancti
1283 5519 1403 5585 vedasti,
1417 5532 1498 5590 mam
1509 5523 1634 5579 dabimus
1648 5520 1718 5577 inira
1730 5516 1858 5573 suoloao.

226 5601 302 5641 pam.
319 5584 364 5640 66.
1103 5589 1114 5630 l
1133 5590 1275 5653 luoodiae,
1299 5605 1354 5660 quo
1368 5605 1433 5647 usos
1457 5600 1502 5648 est
1519 5592 1651 5655 Marone,
1673 5588 1859 5659 sequebamur

262 5653 278 5695 l
301 5651 407 5709 tanai.
421 5655 536 5712 Exstant
548 5660 577 5713 hi
589 5675 684 5717 versus
694 5670 760 5717 tom.
772 5661 828 5727 ll,a
840 5677 914 5718 oum.
923 5660 1013 5717 suno.
1064 5674 1160 5716 uersus
1169 5660 1197 5715 in
1211 5659 1324 5715 ecclesia
1338 5661 1424 5717 saneti
1440 5662 1549 5720 vedasti
1562 5660 1709 5728 scribendi,
1729 5656 1775 5730 qni
1789 5655 1857 5714 aditi

263 5724 275 5753 ⁶
297 5721 402 5778 llissus.
420 5724 542 5793 lntellige
555 5726 664 5783 Librum
677 5729 931 5795 sacramentorum
944 5729 1013 5785 iulra
1066 5738 1128 5786 suut
1142 5738 1207 5786 tom.
1220 5729 1254 5798 ll,
1272 5744 1346 5786 num.
1361 5730 1404 5787 ll.
