4075 6192
225 346 279 407 139
645 339 676 395 it.
695 338 726 394 F.
746 337 859 395 stultu
882 338 948 395 stt]
967 330 1107 392 iteum
1123 327 1266 391 manunt
1283 332 1373 390 PARS
1391 332 1412 388 Ι.
1805 328 1857 386 lli

226 461 368 519 auritum
385 466 411 512 et
427 452 593 509 humiliatem
618 469 671 509 nos
691 454 790 524 ιριιιιίι
815 452 901 524 (Peri.
918 469 944 515 r,
959 450 1013 522 li).
1030 449 1093 520 net
1107 463 1195 502 corum
1210 456 1234 503 te
1248 445 1333 517 (ise.
1348 462 1396 512 ut,
1412 444 1446 501 li
1457 444 1478 516 i·
1500 443 1557 503 Sed
1575 443 1658 502 sente}
1678 443 1812 500 sacerdoti
1832 446 1861 501 iu

261 550 386 608 Christus
407 560 457 617 pro
472 544 575 600 nostris
595 542 743 601 sceleribus
765 544 800 600 ah
815 542 933 599 inimicis
944 541 1016 613 judi·
1068 535 1211 604 prasentia
1225 535 1323 592 ditius
1336 534 1445 605 uenus
1460 531 1596 590 mulessio
1609 531 1733 589 iacienda
1748 531 1860 591 suiilctt.

226 640 282 698 sari
295 642 323 694 iu
334 639 407 695 hunc
418 635 548 693 mundum
560 634 645 701 venit,
659 642 689 689 ut
711 649 761 691 uos
774 635 920 689 redimeret
931 649 945 688 a
958 633 1016 690 dia·
1068 622 1182 693 Semper
1198 632 1288 680 tillem
1302 623 1416 679 Domino
1431 639 1492 680 cum
1507 621 1637 695 lacrimis
1649 630 1678 676 et
1691 620 1781 677 widii
1795 637 1862 679 00¹¹·

225 731 279 788 pop
294 728 425 785 ,mauge
441 746 448 783 :
465 735 493 783 ος
504 743 553 784 „03
567 725 774 797 gedigmmm
792 724 894 781 sanetis
911 722 960 779 pet
973 736 1016 777 ga.
1068 714 1178 770 tuitione
1192 712 1343 771 faciendam
1358 726 1419 770 esse
1431 712 1607 783 arbitramur.
1624 711 1718 767 Omnis
1732 712 1801 766 enim
1815 714 1861 783 qrri

225 818 379 875 ecrdotihus
388 816 516 888 judicari,
531 824 562 872 ut
581 815 727 872 liberemur
740 829 755 869 a
766 812 883 871 vincntts
892 820 1017 880 peccatur
1066 804 1135 861 mule
1149 806 1219 876 ogit,
1232 805 1287 861 cuit
1300 803 1400 870 luceru,
1414 812 1439 858 et
1452 819 1506 859 run
1518 803 1586 859 uenit
1600 800 1635 856 nd
1649 801 1750 887 lucem!
1764 810 1793 855 ut
1807 819 1860 858 non

160 974 165 986 ⁸
225 926 286 967 rum
304 909 483 966 nostrorum?
507 907 554 964 illc
579 908 682 979 absque
704 904 778 962 omni
793 912 914 977 peccam,
930 902 1017 959 homi-
1067 904 1213 967 orpuomar
1226 912 1304 968 opero
1316 896 1394 968 ejus:
1407 895 1552 966 quiestote
1572 893 1637 964 [ecit
1650 893 1801 959 temonem,
1817 909 1860 948 oe·

225 1014 291 1057 uum
302 999 440 1064 assistere,
455 1009 482 1055 et
494 998 547 1055 hoc
562 993 828 1068 impiorumjudiclo
843 1010 897 1050 uon
909 992 1013 1048 renuit:
1067 987 1105 1040 nit
1118 987 1154 1040 cci
1167 986 1268 1053 lucem,
1289 995 1316 1041 st
1331 984 1531 1055 manifestentur
1551 983 1610 1054 eise
1632 997 1728 1053 omre,
1748 983 1811 1054 quio
1832 985 1862 1040 ιἰι

227 1098 256 1146 et
272 1105 324 1146 uos
339 1104 402 1147 cum
418 1089 509 1145 inultis
522 1088 642 1160 pcccatis
656 1084 794 1143 homiuum
805 1083 917 1156 judicia,
928 1083 1017 1139 ethoc
1066 1074 1122 1131 lieo
1134 1086 1195 1133 sant
1210 1076 1281 1148 iaetu
1296 1076 1397 1149 (loun.
1411 1092 1461 1141 nr,
1475 1074 1527 1140 id,
1540 1073 1572 1130 il
1585 1073 1608 1147 ).

226 1186 393 1246 sauctorum,
413 1178 505 1234 subire
527 1175 747 1232 contemnimus?
768 1172 863 1229 Nonne
884 1173 912 1228 in
939 1186 1017 1228 sacro
1102 1166 1157 1222 Vos
1171 1166 1263 1236 igitur,
1278 1167 1332 1223 tiri
1346 1166 1462 1233 iratres,
1478 1165 1526 1221 dlii
1540 1164 1610 1220 lucis
1622 1165 1690 1221 estis
1703 1174 1731 1221 et
1742 1178 1798 1229 ‚non
1821 1174 1861 1221 to

225 1270 389 1341 baptismate
403 1266 590 1324 sacerdotibus
601 1265 703 1321 Christi
716 1270 817 1320 nostras
836 1262 898 1319 iidei
912 1260 1018 1318 cordes-
1066 1257 1212 1314 uchrarnm
1224 1296 1233 1321 ,
1247 1255 1359 1328 populas
1373 1255 1554 1327 acquisitionis
1567 1261 1594 1310 et
1606 1269 1661 1310 non
1679 1254 1858 1326 perditionis:

226 1361 329 1419 donem
343 1368 372 1417 et
383 1359 644 1416 abrenuntiationem
665 1356 773 1413 Satanae
796 1355 862 1413 dare
877 1353 1014 1417 dehemus,
1065 1365 1128 1421 gens
1142 1357 1235 1407 tenete
1250 1346 1287 1419 (l
1299 1346 1372 1402 ens.
1386 1363 1417 1413 ιι,
1432 1343 1470 1418 9)
1485 1364 1492 1400 :
1506 1345 1607 1402 Christi
1622 1346 1753 1415 sanguiue
1765 1348 1860 1417 aequi-

225 1459 255 1507 et
265 1449 307 1507 sic
319 1448 479 1505 sacerdotali
490 1447 651 1511 ministeriu,
667 1444 757 1502 timna
776 1451 906 1515 operante
916 1441 1016 1514 gratia,
1066 1438 1129 1493 sita.
1145 1436 1284 1492 Amlslute
1297 1446 1325 1491 ut
1340 1434 1390 1509 pit
1403 1434 1471 1491 lucit
1482 1437 1511 1490 in
1524 1437 1597 1491 omni
1611 1436 1727 1491 ionitute
1741 1434 1859 1507 (spon.

225 1542 261 1599 ab
274 1541 401 1599 omnihus
414 1541 487 1598 ablui
505 1540 647 1611 pcccatis?
661 1537 808 1596 (lutetiam
820 1534 884 1591 etin
898 1534 1017 1589 secundo
1066 1544 1093 1593 t,
1106 1529 1133 1594 8,
1146 1526 1192 1600 9),
1210 1536 1237 1582 et
1255 1527 1371 1599 pietate,
1389 1533 1416 1582 et
1435 1526 1572 1589 castitate,
1593 1533 1724 1582 exuentes
1741 1534 1860 1582 ueterem

225 1633 393 1707 poenitentiae
406 1634 581 1703 baptismate,
597 1646 647 1704 per
668 1628 865 1687 consessionem
879 1624 1016 1682 lrumilita·
1066 1617 1202 1674 hominem
1222 1633 1283 1673 cum
1305 1617 1424 1688 peccatis
1445 1615 1518 1680 suit,
1536 1622 1564 1670 el
1585 1614 1728 1671 induentes
1742 1630 1858 1679 uotum.

227 1723 263 1780 ιι,
275 1732 384 1789 nostra,
397 1723 432 1778 ab
450 1722 575 1782 omnihus
596 1728 657 1792 9033
667 1720 783 1791 primum
808 1716 940 1789 baptisma
953 1730 1016 1787 per.
1066 1707 1112 1778 qui
1127 1708 1273 1764 secundum
1286 1707 1370 1763 ileum
1383 1714 1491 1762 creatus
1505 1712 1547 1760 est
1560 1702 1677 1777 (cotun.
1690 1720 1737 1771 tn,
1749 1706 1784 1771 9,
1797 1705 1861 1778 tt).

226 1813 306 1877 actis,
334 1812 429 1869 eadem
453 1811 544 1867 diuina
567 1811 714 1869 miserante
736 1807 834 1879 gratia,
854 1803 1013 1861 sacerdotali
1029 1782 1053 1843 Β
1068 1798 1110 1855 Sit
1124 1797 1293 1855 conversatio
1307 1805 1397 1853 restra
1411 1795 1530 1851 coelestis
1546 1802 1574 1850 et
1596 1809 1650 1850 non
1666 1804 1784 1851 terrena.
1814 1796 1861 1852 ili·

226 1901 353 1957 similiter
365 1900 465 1957 auxilio
480 1917 533 1961 non
545 1902 674 1956 teuemm
687 1898 789 1955 absolvi
800 1892 939 1969 pcccatis?
1067 1891 1142 1963 ligite
1154 1888 1303 1959 justitiam,
1319 1897 1347 1945 ct
1359 1888 1422 1944 odio
1436 1886 1534 1943 habete
1547 1885 1793 1956 iniquitatempot
1816 1900 1859 1941 sa

261 1988 291 2048 Si
303 1999 413 2060 peccata
427 1988 612 2047 sacerdotibus
624 2005 677 2045 non
688 1996 752 2046 sunt
770 1987 919 2061 prodenda,
932 2000 1016 2055 qrrare
1067 1998 1118 2037 nus
1132 1989 1190 2045 est,
1206 1979 1334 2037 defendat
1352 1994 1381 2035 se
1398 1986 1477 2035 scuto
1490 1977 1568 2041 ildei,
1584 1991 1619 2031 ue
1631 1974 1796 2033 clandestina
1811 1991 1860 2031 an-

226 2078 256 2136 in
270 2092 284 2122 ⁸
303 2078 521 2139 Sacramentario
543 2082 771 2139 reconciliationis
797 2081 934 2135 orationes
949 2076 1016 2134 scri·
1067 2074 1134 2143 tiqui
1147 2073 1235 2130 hostis
1248 2072 1344 2143 sagitta
1357 2087 1419 2129 eum
1434 2071 1578 2126 uulnerare
1590 2070 1679 2125 valeat
1692 2068 1801 2140 (Epioe.
1813 2083 1858 2131 rr,

228 2173 372 2242 pttesnuti
389 2171 528 2240 Quomodo
542 2174 669 2228 sacerdos
683 2171 848 2236 reconciliat,
863 2185 942 2240 quern
954 2183 1016 2240 pcc-
1068 2162 1130 2236 ld).
1154 2161 1183 2220 Si
1203 2163 1264 2237 quis
1284 2178 1348 2219 tero
1369 2169 1479 2233 propter
1497 2160 1669 2231 tragilitatem
1690 2159 1795 2223 carnis,
1815 2158 1859 2213 rel

228 2274 292 2316 care
310 2275 365 2315 non
377 2261 474 2321 norit?
490 2259 519 2316 Si
532 2260 660 2326 consitis,
670 2258 747 2329 juxta
761 2260 944 2321 Salomonem,
960 2266 1016 2313 tra·
1065 2264 1177 2325 propter
1205 2255 1394 2327 negligentiam
1418 2252 1668 2325 circumspectionis
1689 2249 1857 2313 vulneratur,

228 2350 326 2406 canoa
340 2358 403 2409 suut
416 2351 486 2411 heila
501 2351 592 2423 (lirun
607 2350 723 2422 sx,l8),
735 2349 807 2422 quali
832 2349 944 2405 audacia
958 2349 1016 2405 sine
1066 2346 1147 2402 citius
1167 2347 1201 2402 ad
1222 2344 1401 2403 corriessiouis
1421 2342 1583 2401 medicinam
1603 2348 1741 2406 recurrat,
1755 2356 1790 2397 ne
1808 2356 1859 2412 per

228 2439 595 2497 consilieeeclesiastlcurum
609 2441 707 2496 (ἰιιοιιιιι
726 2455 907 2511 pugnarenos
921 2439 1016 2495 adrer-
1066 2435 1221 2492 illecebram
1243 2436 1320 2492 malae
1341 2435 1544 2491 consuetudinis
1563 2434 1752 2490 dxeradicari
1767 2431 1856 2507 [Coti.

228 2544 276 2585 sus
288 2528 424 2592 diabolum
436 2529 615 2587 cunddimusi
627 2528 696 2591 ltem
711 2530 807 2586 eodem
821 2528 935 2595 dicente,
951 2530 1017 2602 legi-
1067 2525 1136 2591 Sul„
1154 2523 1315 2599 cradicare]
1333 2526 1424 2581 valeat
1439 2532 1589 2597 peccatum.
1609 2524 1678 2580 'ires
1695 2524 1768 2581 enim
1784 2539 1857 2579 mou

228 2633 312 2674 mus:
335 2616 441 2684 trater,
467 2619 698 2691 qaiudiaoeturc
715 2619 808 2693 fratrc,
827 2620 903 2691 cunei
924 2620 1016 2675 nutus
1066 2628 1127 2675 tuos
1150 2619 1293 2675 coruinum
1316 2617 1407 2675 iesum
1428 2617 1566 2674 Christum
1587 2616 1740 2687 euangelica
1762 2625 1856 2671 narrat

229 2709 358 2780 tuerere
372 2708 463 2783 (Prot.
476 2726 553 2776 nuit,
566 2710 622 2782 lii.
650 2710 735 2777 Qucm
756 2711 866 2782 adurat
889 2711 1017 2767 sacerdos
1066 2709 1181 2766 historia
1202 2709 1368 2766 suscitasse:
1391 2709 1474 2765 tiliam
1497 2708 1703 2780 archisynagogi
1724 2708 1752 2764 in
1774 2707 1856 2765 domo

227 2797 329 2855 Christi
342 2798 396 2861 dur
409 2798 545 2861 exercitus
559 2799 608 2855 ilci
620 2808 649 2854 ct
662 2809 752 2855 rector
768 2808 919 2857 castrorum
933 2799 1015 2867 illius,
1067 2798 1076 2872 (
1089 2798 1186 2864 llaec,
1199 2797 1280 2866 cst
1291 2815 1345 2871 seq.
1357 2799 1386 2873 ),
1407 2798 1490 2854 tilium
1505 2797 1592 2853 viduet
1604 2805 1680 2853 extra
1693 2806 1801 2867 portam
1814 2798 1856 2854 ci·

227 2887 250 2943 si
264 2887 356 2949 numu
367 2889 402 2944 ab
414 2903 448 2943 eo
462 2904 517 2944 strae
529 2888 625 2945 saltatis
648 2889 777 2953 auxilinm
790 2904 911 2967 quaerere
924 2890 1017 2961 digna·
1065 2890 1158 2946 nitatis
1176 2889 1185 2962 (
1197 2887 1261 2945 Luc.
1276 2905 1331 2955 tn,
1346 2891 1381 2945 li
1392 2905 1445 2962 req.
1458 2889 1484 2963 ),
1498 2888 1633 2944 Lazarum
1646 2888 1856 2958 quatuduerrnut

226 2986 282 3046 tur,
304 2979 328 3035 si
340 2994 421 3035 nome
434 2980 540 3036 occulta
555 2981 693 3038 diabolice
707 2981 809 3044 niudis
823 2983 934 3043 uulnera
945 2984 1018 3045 illins
1066 2979 1098 3037 de
1111 2989 1285 3036 monumento
1299 2979 1333 3036 nd
1345 2980 1429 3035 titum
1443 2976 1713 3050 tumultuosum).
1726 2975 1777 3043 Qui
1792 2984 1856 3032 sunt

226 3070 381 3132 medicinali
393 3071 511 3133 dextera
524 3071 663 3127 tractanda
680 3074 820 3129 ostenuit?
1067 3071 1095 3127 hi
1119 3078 1173 3127 tres
1192 3071 1307 3139 mortui,
1328 3071 1380 3127 uisi
1402 3069 1454 3127 tria
1474 3082 1574 3141 genera
1593 3069 1855 3138 peccantumque

262 3157 342 3234 m
359 3159 477 3216 inaniter
489 3160 582 3232 eaque
594 3164 681 3233 posita
694 3173 758 3219 sunt
779 3164 806 3219 iu
825 3164 954 3221 licrlesiis
969 3180 1012 3222 rc·
1066 3163 1145 3219 modo
1165 3161 1285 3234 quotidie
1308 3162 1397 3218 diuina
1420 3159 1611 3217 confitentibus
1633 3159 1765 3215 suscitmc
1786 3159 1856 3216 solet

226 3247 360 3315 mediaret
368 3250 488 3321 synodali
501 3253 663 3310 anctoritate
673 3254 771 3311 litteris
782 3255 908 3311 mandata
919 3264 1013 3311 contra
1064 3252 1167 3323 gratia?
1181 3251 1277 3307 Filiam
1291 3251 1404 3311 suscitat
1417 3251 1446 3312 in¹
1458 3252 1548 3313 donno,
1563 3250 1626 3306 dum
1639 3250 1853 3307 consentientem

225 3339 317 3401 emta
330 3349 504 3413 peecatorum
512 3352 666 3400 uestrorum
679 3345 804 3413 uulnera,
816 3362 876 3417 unco
888 3346 930 3403 rel
943 3349 1013 3402 anti·
1064 3345 1092 3401 in
1110 3344 1192 3399 surde
1213 3357 1342 3414 peccare,
1361 3350 1471 3399 revocat
1485 3358 1501 3398 a
1519 3342 1623 3412 pcccati
1640 3341 1850 3414 perpetratione.

225 3433 273 3504 gui
285 3433 372 3489 hostis
384 3434 518 3501 versutia,
533 3432 577 3491 vel
590 3435 751 3507 negligentis
762 3437 949 3494 mandatorum
965 3439 1012 3492 ilci
1063 3435 1161 3490 Filium
1177 3435 1264 3491 vidum
1278 3443 1356 3491 extra
1376 3442 1479 3508 portam
1498 3433 1616 3489 civitatis
1637 3434 1765 3500 suscitat,
1787 3434 1853 3489 dunt

225 3522 383 3595 spiritaliter
398 3530 446 3583 aut
462 3522 609 3580 carnaliter
625 3526 703 3581 nobis
718 3525 894 3598 indigentum
911 3527 934 3584 si
958 3543 1012 3584 uon
1062 3533 1219 3595 peccantem
1245 3522 1313 3581 loris
1336 3525 1364 3581 iu
1385 3538 1468 3594 opere
1489 3524 1523 3580 ad
1544 3524 1709 3594 penitentiae
1731 3524 1850 3579 medica·

226 3612 270 3669 his
287 3612 334 3685 tpri
351 3612 381 3677 in
396 3612 516 3670 Ecclesia
532 3613 637 3677 Christi
651 3616 744 3672 setun
762 3625 824 3679 suut
840 3618 875 3674 ad
892 3622 1012 3676 sensnm
1063 3620 1153 3669 menta
1166 3611 1312 3684 coningere
1325 3612 1400 3670 iacit.
1421 3612 1559 3669 Fetcntcm
1572 3628 1636 3671 tero
1653 3613 1681 3667 in
1699 3613 1771 3667 male
1786 3628 1853 3670 cort-

227 3702 335 3772 puttida
363 3702 498 3761 socierum
523 3712 680 3771 nostrornm
703 3706 815 3774 ulcera,
844 3709 1009 3766 metuntur.
1062 3703 1203 3760 suetudine
1218 3703 1340 3774 peccati,
1362 3704 1426 3765 doru
1447 3702 1580 3776 lacrymas
1597 3702 1764 3773 puniturus
1775 3702 1852 3758 elicit

224 3788 310 3853 cudo
322 3792 393 3851 ιιιὶιι
405 3793 537 3859 nume,
553 3795 619 3851 dicit
633 3795 791 3869 Apostolus,
811 3799 849 3854 ab
859 3801 1008 3871 unium,
1061 3808 1095 3848 ex
1115 3794 1211 3858 corde,
1233 3793 1363 3860 suscitat,
1383 3802 1411 3849 et
1428 3807 1462 3848 ea·
1483 3792 1665 3849 ecclesiastica
1686 3791 1855 3848 auctomate

223 3895 273 3941 ors
290 3890 377 3937 uuor
397 3883 525 3954 contnuo
546 3883 577 3955 fit
597 3886 633 3941 od
649 3886 759 3951 miscent
780 3887 878 3961 (steen.
893 3907 929 3958 ιι,
945 3891 1009 3963 itt).
1061 3886 1165 3942 solvere
1184 3898 1246 3942 eum
1256 3882 1348 3955 Julret,
1372 3893 1402 3939 ut
1421 3884 1518 3955 dignus
1537 3885 1573 3939 sit
1592 3883 1781 3939 communione
1798 3882 1853 3937 llo·

223 3969 283 4032 lisa
296 3973 383 4033 solutu
396 3975 536 4038 catholice
549 3977 627 4045 odet,
641 3980 689 4036 sed
702 3981 785 4037 etiam
797 3998 864 4054 pura
886 3992 1010 4054 parents
1061 3974 1141 4040 rnini,
1156 3983 1183 4031 et
1195 3975 1330 4047 particeps
1343 3974 1412 4031 sacri
1427 3974 1522 4035 altaris
1532 3972 1676 4037 maur,

224 4076 285 4118 rum
298 4063 434 4122 mutuno
447 4064 529 4139 [com
542 4070 631 4125 cordis
645 4072 871 4144 commuuione]
885 4074 964 4129 nohis
975 4076 1010 4130 ad
1095 4064 1460 4137 inconsentaneum
1473 4063 1853 4135 iratresetiaqunliounque

223 4152 337 4218 utrem
358 4153 466 4224 possen
487 4158 694 4225 sempiternam,
714 4160 820 4219 dicente
845 4161 1008 4233 Scriptura:
1059 4158 1155 4214 harum
1172 4158 1255 4213 trium
1273 4157 1399 4214 monium
1418 4170 1517 4229 genere
1534 4157 1558 4211 si
1578 4157 1640 4226 quis
1648 4155 1756 4224 iaceat,
1771 4157 1853 4214 citius

223 4242 273 4298 Dic
285 4244 360 4313 prior
370 4243 516 4311 iniustius
525 4253 601 4310 esar,
614 4255 644 4299 st
652 4247 807 4316 intruseris
821 4250 830 4320 t
838 4250 904 4305 isui.
920 4268 1006 4319 rrrrr,
1058 4247 1093 4303 ad
1104 4246 1281 4304 confessionis
1293 4247 1481 4319 probatissima
1493 4246 1689 4302 medicamenta
1699 4246 1848 4319 confugiat,

220 4331 258 4391 ’ti
268 4333 291 4403 i..
303 4332 337 4395 Et
350 4331 448 4387 hrum
460 4350 469 4386 r·
482 4333 575 4390 iustus
586 4334 617 4395 ia
625 4338 753 4410 puncipio
766 4353 902 4397 mensurno
914 4355 952 4399 en
965 4350 1008 4402 ‚nr
1058 4338 1196 4395 salutifero
1208 4339 1373 4410 penitentiae
1386 4352 1416 4393 se
1428 4336 1522 4394 obluat
1535 4337 1733 4393 medicamine:
1748 4344 1778 4391 ut
1791 4350 1846 4397 nen

223 4421 409 4491 (Permitte,
425 4422 479 4496 ll).
494 4423 524 4480 Si
534 4423 632 4494 iustus,
648 4438 749 4498 prante
761 4431 849 4502 magis
861 4437 1009 4503 peccatore
1019 4453 1045 4514 υ
1057 4427 1090 4482 ad
1107 4414 1238 4496 judicium
1258 4426 1448 4492 damnationis,
1461 4424 1508 4482 sed
1522 4426 1682 4497 adsalutem
1695 4425 1849 4481 muctiica·

257 4510 290 4567 Si
299 4509 370 4573 iorte
382 4511 449 4580 dicis
462 4528 524 4569 urm
537 4512 699 4576 esamtsta:
715 4518 776 4575 visi
784 4561 791 4586 ,
803 4522 944 4591 confirmor
956 4525 1005 4578 aa.
1056 4515 1140 4571 tionis
1156 4517 1338 4577 communicet
1355 4530 1468 4588 corpore
1480 4524 1508 4572 et
1522 4516 1654 4586 sanguine
1668 4515 1779 4571 Domini·
1793 4529 1850 4570 uo-.

221 4613 326 4663 tem
341 4602 553 4672 umisnitiuot
575 4622 660 4662 ιιιιιιιιι
688 4607 801 4669 Domino
815 4610 909 4683 (unat.
923 4627 1002 4679 nrt,
1058 4606 1108 4661 stri
1120 4605 1185 4662 lesu
1199 4605 1312 4669 Christi.
1324 4607 1432 4664 Etcum
1445 4608 1592 4678 gratiarnm
1612 4607 1719 4663 actione
1739 4618 1848 4675 semper

220 4689 268 4762 dl
288 4690 323 4758 tt
337 4704 388 4763 eto
401 4708 462 4756 curu
475 4695 570 4750 eodem
589 4695 676 4752 dicam
690 4715 697 4751 τ
713 4698 845 4765 Quium
862 4702 950 4766 tacui,
963 4705 1005 4758 ie-
1057 4708 1235 4755 rcmemorate
1258 4700 1393 4770 quomodo
1413 4715 1462 4756 ros
1487 4699 1577 4755 divina
1601 4696 1788 4757 misericordia
1811 4696 1853 4753 de

220 4788 394 4845 mturare
406 4798 466 4843 etas
478 4800 536 4839 ereo
548 4783 630 4857 (ltu.
644 4802 711 4842 cers.
725 4788 763 4861 t).
780 4788 815 4843 lit
828 4789 927 4846 itemm
941 4808 1005 4849 cum
1057 4799 1130 4845 terra
1146 4792 1319 4847 tenebrarum
1331 4797 1360 4847 et
1372 4788 1498 4862 sunto,
1513 4789 1547 4847 de
1558 4789 1670 4859 regium
1686 4786 1847 4858 ignorantie

218 4872 425 4946 tliopropheta:
436 4873 782 4949 Gonnumrsnrjsnmu
793 4880 821 4939 in
833 4890 945 4936 stenem
954 4900 1006 4943 rso,
1052 4889 1082 4943 et
1094 4881 1261 4951 iniqnitatis,
1280 4880 1417 4937 naustulit
1436 4880 1463 4936 iu
1477 4878 1535 4937 loca
1555 4879 1624 4936 lucis
1636 4888 1666 4935 et
1684 4878 1803 4943 letitie,
1816 4877 1846 4932 iu

219 4963 303 5035 ihil·
317 4979 346 5031 t,
361 4964 420 5038 ll).
434 4964 505 5034 orto
519 4974 561 5024 est
576 4966 690 5042 (autem)
702 4968 824 5041 iumenta
838 4971 865 5027 in
880 4980 1002 5030 stercm
1051 4970 1409 5029 tahernacula'ahnndsutite
1419 4968 1569 5038 etiustitie
1580 4987 1587 5024 :
1600 4977 1629 5024 et
1640 4968 1723 5040 elegit
1733 4981 1782 5024 ros
1791 4967 1850 5027 sihi

217 5064 447 5129 ιιομιιιωαιο,
455 5057 506 5114 uisi
517 5057 676 5125 cummosos
688 5074 809 5132 qumque
819 5061 846 5117 in
860 5064 1001 5134 putredine
1051 5061 1079 5116 iu
1100 5061 1170 5118 tilios
1189 5065 1290 5134 pietate
1312 5071 1440 5133 merua,
1462 5069 1494 5117 nt
1511 5073 1562 5131 per
1582 5074 1631 5115 res
1649 5072 1749 5115 nomeu
1770 5056 1847 5112 illios

216 5155 388 5223 mium
405 5162 517 5209 merum
533 5147 646 5220 jacce?
665 5149 717 5219 ou
730 5151 940 5222 pcccat,iacct;
954 5158 1001 5226 qui
1052 5153 1193 5211 nuntietur
1204 5154 1232 5211 in
1244 5154 1377 5227 gentihus.
1392 5150 1542 5227 Sequimini
1559 5150 1674 5222 uestigia
1686 5155 1846 5213 uncwrum

217 5233 613 5311 mmanssrgitfflodtsnl.
627 5240 739 5316 surgetl.
752 5242 803 5312 Qui
814 5246 999 5316 poenitentiam
1052 5243 1209 5310 Petrumet
1220 5245 1304 5302 nolite
1317 5245 1345 5300 ln
1354 5246 1497 5305 mtholicte
1510 5244 1574 5302 idei
1585 5244 1744 5316 ιοΙίςίοιιειιι
1757 5255 1847 5299 noras

215 5325 286 5396 agit,
309 5329 454 5395 termine
476 5331 510 5386 ad
532 5340 638 5402 patrem
659 5348 753 5400 mum,
778 5335 851 5392 deut
870 5338 1000 5409 prodigus
1051 5337 1178 5393 inducere
1197 5345 1294 5396 sectas.
1316 5336 1512 5394 cancerosis
1533 5348 1699 5393 reneuosuru
1718 5331 1845 5390 emec·

217 5411 286 5469 iiius
297 5415 324 5473 iu
336 5414 481 5488 Evangelio
492 5418 591 5489 legitur
604 5422 719 5478 dixisse:
735 5422 859 5495 Surgam,
872 5435 896 5481 et
908 5426 997 5482 ilerd
1050 5424 1205 5482 iniectionis
1217 5426 1379 5482 termentum
1391 5441 1403 5482 t·
1415 5427 1462 5485 sed
1475 5426 1503 5482 in
1517 5424 1674 5483 sinceritate
1687 5431 1715 5479 et
1727 5418 1846 5478 veritate

214 5512 318 5571 Palma
335 5521 437 5572 mm.
451 5516 475 5561 0¹
488 5508 578 5572 dicatu
587 5512 616 5577 ei,
627 5528 636 5565 .·
648 5513 851 5584 putori-peccori
862 5514 890 5569 in
903 5514 995 5571 eoeisnt
1049 5517 1240 5575 mundissimos
1251 5533 1337 5574 sacrm
1350 5519 1413 5574 tuci
1427 5533 1512 5589 panes
1524 5516 1670 5575 comedite:
1690 5525 1718 5573 et
1730 5508 1823 5569 tinum
1832 5551 1848 5583 2

216 5633 509 5772 messmam&
527 5640 568 5696 hu
592 5641 621 5698 Se
645 5642 766 5713 Gregorii
788 5644 879 5717 ilagni·
906 5644 1153 5704 Sacrameutnrinnr
1174 5648 1311 5720 intelligit„
1345 5650 1371 5707 in
1404 5665 1458 5719 utto
1482 5644 1707 5707 reconciliationis
1738 5644 1844 5700 amhn«
