4075 6192
148 312 198 371 581
882 303 1075 361 EPlSTOLAE.
1728 304 1785 360 308

185 424 266 493 Saepe
290 419 463 478 familiaritas
486 418 604 474 nominis
632 414 847 474 immutationem
875 416 944 471 solet
958 425 980 481 p
995 412 1077 477 utilis,
1097 412 1125 466 ln
1146 411 1268 468 oratione
1289 413 1411 485 pervigil,
1436 413 1464 468 in
1488 411 1665 485 eleemosynis
1686 415 1780 486 larga,

148 513 251 581 neon,
266 514 337 570 sicut
352 513 410 583 ipse
426 510 558 567 Dominus
568 509 706 565 Simonem
719 509 834 564 mutarit
847 509 874 564 in
891 507 943 563 Pe·
994 511 1023 556 et
1034 499 1062 556 itt
1076 501 1150 557 omni
1163 502 1283 557 bonitate
1293 488 1445 560 laudabilis.

149 613 242 668 trum;
264 609 294 660 et
319 599 391 671 filius
418 592 539 654 telmai
556 597 627 667 filios
651 596 802 653 nominavit
825 595 945 651 Tonhrui
1029 588 1083 645 Pro
1098 603 1142 645 uae
1157 605 1272 660 quoque,
1286 592 1410 658 obsecro,
1426 601 1478 648 tua
1495 592 1680 664 prosperitatis
1700 595 1784 652 inter-

150 690 252 767 (llnrc.
265 706 314 755 ιιι,
328 689 372 754 ld,
387 687 443 759 li),
457 686 530 758 quod
546 686 629 741 etiarn
642 685 762 755 antiquis
778 685 820 740 tel
839 685 881 740 his
895 702 945 740 no·
994 695 1102 735 cessure
1117 680 1228 750 loquere
1241 681 1349 737 domiuo
1362 699 1422 739 meo
1432 683 1527 749 David,
1541 701 1576 741 ne
1588 686 1724 742 irascatur
1739 687 1782 744 la-

150 780 232 838 vatis
247 780 344 836 (iiebns
354 777 470 848 probare
481 776 593 846 poteris.
995 769 1068 825 mulo
1080 785 1138 835 suo,
1153 783 1166 811 ⁸
1181 772 1244 841 quia
1259 774 1351 827 senice
1365 789 1418 828 non
1432 774 1513 840 valui,
1528 776 1782 843 8800000100,ωο-

183 872 228 934 ,Τιι
242 885 319 936 tero,
341 869 430 938 virgo·
440 866 591 921 clarissima
606 876 633 921 et
647 881 746 935 sponsa
768 864 830 919 uso·
846 862 946 931 dignis·
995 859 1071 914 tinus
1085 859 1248 931 praepeditus
1262 861 1428 918 infirmitate.
1441 862 1514 935 Opus
1531 880 1620 920 meum
1638 867 1710 923 alind
1726 884 1781 923 non

151 963 233 1027 sima
249 968 276 1015 te
293 959 379 1029 ipsam
394 957 422 1012 in
435 956 510 1012 outni
521 956 647 1028 castitate
663 956 769 1011 custodi
785 954 908 1025 corporis
919 960 946 1008 et
995 957 1047 1014 est,
1059 950 1111 1004 uisi
1124 950 1293 1006 orationibus
1306 952 1416 1017 instare,
1431 963 1460 1008 et
1475 970 1628 1026 praeparare
1646 958 1712 1015 mibi
1736 959 1784 1014 ha·

152 1053 268 1116 animm
281 1045 433 1121 quiajuxta
450 1045 608 1116 Apostolum
618 1045 696 1116 uirgo
714 1044 762 1099 liei
775 1043 854 1099 debet
868 1043 945 1116 ills,
995 1042 1142 1098 bitationes
1165 1050 1293 1109 emmas,
1306 1045 1453 1130 secuudum
1478 1046 1585 1101 Domini
1610 1049 1695 1104 nostri
1721 1047 1784 1105 iesu

152 1140 244 1214 decet]
258 1152 318 1195 esse
329 1153 436 1208 corpere
453 1145 525 1190 casto
539 1144 563 1189 et
584 1136 672 1189 anima
689 1132 716 1206 (l
731 1131 792 1188 Cor.
809 1148 866 1198 vri,
887 1134 944 1204 hl).
996 1130 1097 1187 Christi
1112 1132 1336 1200 misericordiam,
1355 1134 1401 1205 qui
1417 1151 1470 1190 non
1485 1135 1585 1192 deserit
1603 1146 1743 1207 sperantes
1757 1138 1785 1192 in

154 1234 223 1292 Esto
244 1230 351 1288 caeterh
364 1229 392 1284 in
419 1227 520 1300 palatio
542 1226 693 1297 uirginibus
717 1224 799 1279 totius
818 1223 947 1280 honitatis
997 1235 1036 1275 se.
1052 1220 1165 1276 AEtecna
1180 1221 1307 1277 felicitate
1319 1222 1418 1288 valeto,
1433 1223 1487 1279 lilia
1503 1226 1678 1282 charissima!

151 1322 352 1393 exempleant
375 1335 409 1374 ex
434 1328 479 1373 tua
503 1317 608 1372 discant
630 1322 722 1371 sancta
743 1315 947 1369 conversatione
1226 1334 1425 1390 sssppspppp
1443 1336 1559 1392 cxxvi,

153 1413 259 1483 seipsas
280 1410 427 1474 custodire,
454 1408 496 1463 tel
515 1406 643 1462 cadentes
663 1419 815 1474 resurgere.
841 1403 947 1458 Prmre-
1158 1440 1196 1477 Η,
1223 1440 1373 1480 ,ΝΟΜ
1399 1442 1628 1483 mmmm

154 1507 232 1561 niam
249 1502 328 1577 [dis.,
342 1498 511 1572 pervenient]
529 1498 556 1553 in
570 1498 747 1555 conversione
760 1495 858 1551 laeiem
874 1493 947 1563 judi-
1299 1514 1387 1585 (pinno
1406 1514 1479 1587 301.)

153 1598 204 1653 cis.
223 1597 292 1652 Sitti·
304 1594 408 1650 nobiles
427 1591 455 1646 in
475 1590 605 1654 moribus,
626 1587 697 1645 sicul
713 1593 776 1642 8¹¹¹st
799 1585 901 1640 ¹¹⁰bssflss
913 1598 948 1638 ⁸¹
998 1601 1103 1656 Laudat
1120 1601 1191 1656 illins
1205 1605 1341 1674 pictatem,
1365 1614 1388 1657 et
1406 1604 1440 1658 ud
1455 1603 1569 1659 laborem
1583 1622 1630 1675 pro
1645 1607 1787 1664 eternitate

153 1687 321 1757 parentibus.
352 1684 412 1739 Non
437 1681 556 1737 semlant
585 1678 687 1735 carnali
717 1676 871 1741 desiderio,
898 1673 947 1730 scd
1078 1672 1253 1727 exhortator:
1269 1675 1369 1743 proies
1385 1676 1499 1745 apitpro
1512 1691 1589 1730 cruce
1603 1676 1711 1731 donato

153 1775 254 1832 Christi
275 1773 441 1845 magisterio.
458 1772 557 1825 Vivant
577 1785 670 1825 coram
690 1769 846 1825 hominihus
862 1761 985 1822 hunolt
1033 1760 1206 1818 charissimae
1220 1762 1246 1816 in
1259 1762 1389 1818 Christoc
1402 1763 1500 1819 sorori.

153 1874 353 1930 electensem
376 1863 432 1917 heo
448 1862 538 1932 digne.
1034 1853 1103 1909 Vere
1123 1852 1209 1909 iateor
1222 1852 1293 1924 quod
1305 1853 1383 1910 valde
1401 1853 1552 1911 desiderari
1571 1857 1605 1912 ad
1626 1872 1675 1912 ros
1696 1859 1790 1913 uenire

187 1955 279 2026 Agant
292 1953 326 2009 de
344 1951 488 2022 praeteritis
510 1949 707 2019 poeniteutiam,
730 1958 758 2005 et
782 1956 894 2005 caecarat
918 1962 948 2003 se
997 1955 1109 2016 propter
1119 1946 1223 2016 abquas
1236 1946 1422 2012 necessitates,
1432 1962 1499 2017 quas
1511 1947 1650 2004 robismm
1663 1949 1788 2005 conferre

154 2043 310 2108 defuturis,
328 2042 390 2112 quia
409 2041 548 2112 Scriptura
563 2039 650 2095 dicit:
670 2040 740 2095 Dens
761 2041 808 2094 dut
823 2039 948 2110 poniten-
999 2037 1081 2093 uolui.
1100 2037 1152 2093 Sed
1165 2053 1209 2093 me
1221 2038 1361 2108 impedivit
1374 2039 1508 2094 acerbitas
1526 2038 1655 2104 febrium,
1670 2053 1731 2111 qum
1744 2055 1789 2095 mo

154 2137 224 2191 tiber
236 2129 575 2206 portemjustitimiliccli,
589 2131 806 2205 artificium
821 2129 947 2188 suntDo-
999 2127 1087 2182 adhttc
1098 2140 1148 2196 pcc
1159 2127 1232 2181 vices
1242 2125 1346 2197 fatigat.
1357 2125 1525 2197 Quapropter
1536 2126 1617 2183 citius
1627 2139 1690 2183 anm
1699 2128 1790 2183 hiber·
1858 2147 1863 2156 ·

156 2228 230 2282 nainu
248 2233 346 2281 cuncta
361 2239 422 2294 quae
446 2224 473 2278 in
492 2222 600 2279 occulto
612 2222 746 2293 gerimus3
766 2223 837 2293 quod
858 2223 882 2278 si
894 2238 948 2278 non
999 2216 1060 2273 nale
1081 2215 1166 2288 frigus
1189 2217 1245 2284 regi
1268 2217 1374 2272 obuiam
1396 2231 1541 2287 properare
1562 2217 1674 2274 curabo.
1697 2216 1790 2273 Placet

154 2318 256 2375 direxit
269 2315 328 2390 it,
345 2313 455 2388 dixerit]
478 2313 648 2386 linguarum
669 2314 769 2385 poterit
781 2314 871 2371 celare
888 2329 950 2372 eon
999 2315 1067 2370 mibi
1082 2315 1160 2369 valde
1182 2315 1259 2370 labor
1277 2323 1365 2371 uester
1386 2314 1414 2369 in
1433 2316 1564 2372 sancted
1584 2316 1631 2372 liei
1645 2315 1791 2373 Genitricis

155 2411 280 2467 edentia.
298 2408 376 2464 Patet
389 2408 445 2463 lieo
455 2423 536 2462 omno
555 2404 626 2477 quod
645 2406 765 2462 clausum
786 2417 836 2464 est.
852 2408 950 2465 Credat
1000 2405 1128 2463 Ecclesiae
1141 2407 1319 2472 exaltatione,
1332 2416 1360 2462 et
1374 2406 1402 2462 in
1418 2405 1549 2463 librorum
1566 2408 1789 2465 musideratione.

156 2504 248 2564 homo,
263 2508 351 2556 totum
372 2498 444 2569 qnod
466 2507 560 2568 peceat
572 2496 705 2554 veniabile
717 2514 788 2566 csse,
802 2502 825 2553 si
839 2501 868 2553 in
889 2516 950 2554 con·
1001 2496 1079 2553 Unde
1098 2496 1127 2550 in
1140 2496 1183 2551 his
1195 2496 1342 2559 laboribus,
1355 2505 1484 2566 quantum
1495 2498 1655 2567 poterimus,
1669 2506 1790 2554 nestram
1856 2517 1860 2524 ¹

156 2595 269 2666 [esnone
279 2591 418 2664 praeoettiet
436 2588 533 2659 faeiem
555 2587 605 2643 Dei
630 2586 717 2660 (Paul.
745 2606 817 2655 retu,
831 2590 887 2662 8);
903 2592 950 2646 sed
1000 2586 1138 2644 solertiam
1153 2586 1279 2654 adjurare
1291 2586 1450 2656 gaudemus.
1470 2587 1505 2641 Et
1517 2601 1585 2657 puer
1605 2598 1617 2628 0
1635 2587 1791 2660 Fridegisus

157 2683 244 2741 multa
261 2683 388 2739 dicuntur
402 2680 430 2737 in
442 2680 549 2751 publico
561 2694 622 2751 quae
634 2687 763 2752 geruntur
784 2680 949 2745 inocculto,
1000 2680 1148 2735 secundum
1164 2679 1292 2748 temporis
1306 2679 1532 2748 opportunitatem
1542 2680 1619 2736 robis
1632 2680 1702 2735 ierat
1715 2683 1791 2738 auxi·

154 2775 223 2850 prio
234 2789 288 2830 non
298 2782 383 2845 potest
396 2773 435 2827 cis
447 2782 488 2827 tns
502 2780 704 2842 supermontem
723 2770 808 2841 positu
827 2771 951 2827 abscondi
1001 2773 1077 2827 liurn.
1091 2771 1187 2827 Vester
1200 2786 1266 2825 tero
1288 2771 1423 2840 proiectus
1448 2771 1475 2826 in
1496 2770 1552 2826 Deo
1571 2772 1624 2827 mei
1645 2773 1728 2830 animi
1749 2784 1792 2831 ost

158 2864 268 2938 (nant.
290 2880 316 2930 v,
334 2861 389 2932 ll).
405 2862 473 2918 Vilis
485 2875 631 2932 pauperum
644 2859 759 2931 peisom
773 2860 876 2917 scelera
891 2861 952 2916 abs-
1002 2877 1099 2933 magna
1112 2860 1244 2930 uoluptas.
1257 2860 1318 2916 ldeo
1332 2862 1403 2931 qnod
1415 2862 1521 2934 cepisti
1530 2862 1671 2933 perlicere,
1684 2866 1731 2923 Dei
1744 2869 1792 2923 ad-

156 2956 252 3013 eondit
273 2953 419 3019 immaraia;
436 2952 553 3023 dignitas
569 2951 735 3007 creberrima
747 2951 793 3006 vix
806 2950 877 3008 celat
891 2964 952 3021 qiam
999 2950 1110 3022 iurante
1131 2952 1326 3018 misericordia,
1349 2952 1553 3022 diligentissime
1565 2956 1683 3014 studeas.
1700 2957 1791 3014 Unus·

158 3046 239 3117 perit.
255 3043 375 3112 comunt
387 3040 464 3115 ills,
475 3039 571 3112 currit]
588 3055 637 3109 per
649 3056 697 3096 ora
710 3039 875 3113 singulorum
891 3055 953 3111 quas
1003 3041 1120 3114 quisquc
1133 3042 1281 3098 secuudum
1293 3056 1371 3098 suum
1385 3042 1505 3098 lahorem
1516 3045 1656 3114 praemium
1668 3056 1794 3118 acceptu-

158 3137 233 3196 inlra
254 3137 386 3209 parietem
409 3142 551 3207 petuntur.
577 3131 701 3203 Agnosce
725 3133 790 3203 quid
803 3133 904 3201 dicem,
925 3139 954 3189 et
965 3104 992 3173 ὓ
1005 3149 1052 3189 rus
1064 3133 1126 3189 erit.
1139 3133 1174 3189 Et
1189 3133 1235 3204 qui
1248 3133 1310 3204 plus
1322 3133 1437 3198 laborat,
1451 3134 1511 3206 plus
1522 3136 1656 3192 mercedis
1668 3137 1792 3207 accipiet.

159 3231 273 3302 ignosce
293 3225 406 3284 dicenti.
1005 3223 1083 3281 Nunc
1103 3232 1210 3295 tempus
1231 3230 1274 3280 est
1287 3225 1429 3296 operandi:
1445 3224 1535 3281 reniet
1548 3239 1612 3282 uero
1632 3236 1736 3299 tempus
1750 3243 1796 3285 re··

196 3319 303 3375 Bonum
320 3315 454 3380 easdtatis
468 3322 549 3386 atque
563 3314 713 3371 honestatis
727 3314 800 3386 quod
812 3315 847 3372 dc
860 3323 887 3372 te
902 3331 952 3373 aum
971 3313 976 3318 '
1004 3316 1175 3374 munerandi.
1191 3314 1289 3383 Quales
1301 3325 1366 3372 tunc
1378 3331 1438 3374 esse
1449 3324 1581 3387 optemus,
1597 3317 1665 3374 tales
1677 3329 1796 3376 nosmet·

159 3409 231 3474 ciiii,
244 3423 261 3462 a
274 3416 302 3463 te
324 3422 377 3463 uon
398 3405 524 3474 recedat3
545 3406 678 3464 securitas
697 3414 724 3460 te
741 3419 795 3461 uon
822 3405 952 3477 decipiam
1004 3412 1078 3483 ipsos
1096 3424 1168 3464 nunc
1181 3422 1374 3480 praeparemus.
1399 3406 1519 3478 Sapienti
1542 3421 1627 3477 pauca
1649 3408 1794 3464 sufficiunt.

159 3500 290 3559 neclaus
314 3498 457 3565 minuatur,
479 3497 527 3554 sed
552 3497 640 3569 magis
666 3506 810 3568 sugestum
840 3496 955 3554 felicitas
1005 3502 1069 3559 Scio
1086 3500 1260 3572 sagacitatem
1271 3499 1354 3555 animi
1368 3500 1451 3555 vestri
1466 3498 1525 3554 htec
1538 3500 1628 3554 omnia
1644 3499 1740 3555 melius
1751 3500 1795 3557 in·

159 3604 286 3664 praesens
299 3589 347 3646 tibi
365 3588 399 3644 ad
412 3597 570 3661 perpettnm
580 3587 706 3659 prolieiat
716 3586 883 3645 felicitatem.
902 3588 956 3644 lle·
1004 3593 1141 3650 tellexisse
1161 3606 1242 3662 quam
1260 3604 1305 3646 me
1325 3589 1485 3659 scripsisse;
1504 3595 1532 3643 ct
1545 3589 1670 3658 operibus
1684 3577 1796 3660 implere

161 3679 522 3758 mentotepartitomporis
544 3678 677 3749 hospitem
701 3693 771 3735 esse.
794 3677 861 3734 Esto
883 3678 955 3736 soln-
1005 3678 1383 3755 quodvisverbisexplieare
1397 3676 1482 3732 caleo.
1756 3669 1759 3672 ’

148 3771 232 3829 'tium
245 3771 367 3837 miseris,
391 3777 419 3825 0¹
433 3769 576 3826 0000001110
596 3768 712 3835 *immisi
735 3784 783 3823 lis
800 3777 954 3824 Sanctarum
1041 3774 1150 3830 Utinam
1163 3771 1216 3826 cito
1227 3768 1351 3824 adveniat
1364 3776 1481 3837 tempus,
1494 3775 1525 3822 ut
1538 3776 1626 3824 tecum
1641 3769 1731 3826 cordis
1741 3771 1795 3828 mei

163 3863 254 3921 nobile
273 3861 485 3932 Scripturarum,
508 3868 536 3914 et
555 3858 673 3915 scelestis
694 3859 782 3915 cubile
806 3859 953 3929 sapientiae·
1005 3864 1143 3934 conseram
1157 3860 1310 3932 angustias,
1333 3866 1364 3913 ut
1381 3860 1537 3916 consoletur
1552 3861 1660 3918 animus
1671 3878 1747 3919 meus
1761 3879 1796 3920 ex

143 3955 412 4029 ,nimbosum
425 3953 543 4008 aninam
556 3951 954 4023 praemuniant-eundem.
1006 3954 1221 4026 teimpietate
1231 3950 1414 4008 cmsohtmm
1427 3950 1494 4023 itt,
1507 3950 1693 4025 perfectioni
1708 3952 1797 4009 Pton-

164 4045 192 4102 itt
204 4043 319 4102 consilio
331 4042 461 4113 prudent·
476 4041 504 4097 5¹¹
519 4040 642 4097 00000ῑο
660 4041 774 4111 patiens,
798 4041 825 4095 5¹¹
840 4055 889 4096 000
909 4041 956 4095 00·
1006 4063 1080 4106 mum
1094 4044 1258 4114 mihiplaeet
1273 4057 1339 4099 crux
1360 4055 1440 4112 quem
1453 4049 1541 4097 restra
1557 4041 1624 4097 mihi
1642 4042 1797 4114 benignitas

165 4195 340 4266 inscriptione
352 4192 453 4249 codicis
466 4191 613 4259 Harleiaui,
639 4192 779 4256 Eulaliam,
800 4193 845 4247 cui
864 4193 956 4249 hlcui-
1006 4216 1086 4258 anmi·
1098 4207 1140 4255 est
1153 4195 1243 4255 Caroli
1255 4194 1438 4268 biapni‚eu]us
1453 4194 1535 4250 etiam
1556 4202 1650 4266 rogatu
1664 4193 1798 4251 lilcuinus·

165 4283 217 4324 nus
230 4265 370 4334 inscripsit
387 4263 506 4319 libellum
529 4261 567 4318 De
588 4262 694 4318 tutione
717 4264 823 4325 tuimet,
843 4277 858 4317 a
879 4263 956 4318 nobit
1006 4266 1253 4328 commentariosin
1269 4265 1443 4338 Euangelium
1458 4259 1570 4321 Jounriis
1584 4278 1727 4337 aggressus
1742 4276 1794 4321 est.

165 4339 237 4393 inter
257 4333 387 4406 opuscula
411 4332 524 4389 moralia
547 4332 660 4388 inferius
681 4331 872 4396 exhibendum,
891 4347 956 4388 vero
1006 4341 1066 4397 lilia
1078 4338 1152 4395 Gisia
1163 4346 1222 4394 erat
1232 4337 1287 4392 illia
1301 4335 1406 4402 Caroli,
1447 4350 1508 4390 uam
1529 4350 1584 4391 non
1598 4349 1734 4402 sororem,
1748 4334 1795 4391 sed

165 4407 276 4464 nornine
306 4402 481 4462 Gundradam
507 4417 585 4467 esse,
614 4416 735 4459 sororem
766 4410 842 4459 certe
867 4404 954 4459 sancti
1007 4406 1441 4478 ptiamiieninnsappeliaresole
1475 4413 1496 4460 t.
1508 4403 1609 4461 llahill.
1623 4403 1721 4460 huual.
1733 4404 1795 4462 libr.

163 4474 313 4532 hdalhardi
336 4472 442 4529 abbatis
464 4471 643 4536 corbeiensis,
669 4473 703 4527 de
722 4487 776 4543 qua
797 4471 957 4530 Paschasius
971 4464 1084 4545 Dran,
1097 4495 1172 4534 num.
1184 4478 1229 4533 93,

164 4548 315 4602 lietbertus
328 4544 356 4598 in
366 4542 428 4598 ilica
441 4542 526 4599 sancti
538 4542 696 4608 udalhardi,
709 4542 770 4598 Act.
785 4540 835 4597 SS.
848 4542 907 4597 ord.
924 4542 953 4597 S·
1041 4550 1056 4590 d
1071 4549 1119 4603 Dei
1133 4546 1274 4602 Genitricis
1286 4545 1420 4602 Ecclesioe.
1438 4562 1448 4597 t
1464 4541 1538 4600 Gisla
1549 4541 1670 4599 calensis
1682 4542 1796 4599 Parthe-

164 4616 400 4679 8000080018,
422 4620 493 4682 ilari·
507 4629 530 4674 t·
551 4626 613 4682 itti·
636 4611 699 4677 52¹,
722 4629 751 4667 1¹·
774 4613 820 4678 55,
843 4612 955 4669 800003
1006 4618 1086 4677 nonis
1103 4617 1239 4673 abbatissa
1254 4617 1306 4671 boc
1321 4624 1451 4684 munnere,
1471 4613 1725 4678 arrationarem
1739 4613 1795 4669 illic

168 4707 178 4739 ι
197 4686 281 4766 Virgo
302 4682 433 4739 nobilium
454 4682 630 4745 nobilissima,
653 4697 713 4752 qaam
737 4682 809 4737 inter
828 4696 957 4738 venereos
1007 4688 1147 4748 basilicam
1170 4686 1198 4742 in
1219 4687 1348 4742 honorem
1362 4693 1462 4743 sanctae
1479 4681 1527 4739 Dei
1547 4681 1693 4740 Genitricis
1706 4683 1797 4740 blariaa

165 4756 262 4827 palatii
282 4756 396 4809 00000θὸ
410 4759 437 4806 θῑ
456 4751 584 4820 iuvenum
608 4759 773 4815 venustates,
793 4750 873 4807 eliam
888 4753 958 4828 iulet
1008 4757 1200 4816 exstruendam
1209 4756 1322 4820 curavit,
1333 4769 1419 4826 eoque
1431 4752 1796 4810 sanctimonialesebasilica

167 4823 316 4882 mulcentia
331 4822 498 4887 deliciarum,
511 4830 539 4876 et
556 4821 627 4876 iuter
643 4821 733 4876 omnia
746 4820 866 4876 libidinis
886 4821 961 4876 blata·
1008 4836 1110 4887 iamim
1132 4825 1227 4882 crucis
1249 4826 1403 4881 transtulit:
1424 4824 1488 4881 Post
1511 4823 1613 4894 aliquot
1633 4822 1695 4878 inde
1712 4838 1799 4879 annus

167 4897 289 4950 dimenta
311 4893 368 4948 sola
386 4893 492 4954 meruit,
510 4901 539 4947 nt
561 4889 706 4956 eretlimus,
724 4898 862 4960 reportare
882 4890 959 4960 pudi—
1009 4904 1219 4970 corpussnnctm
1228 4896 1598 4979 Battiihtiaacryptasanctn
1606 4890 1800 4949 Crucistrans-

167 4965 241 5021 sitite
253 4963 381 5035 pahuant,
397 4971 425 5017 et
435 4962 534 5034 potuit,
546 4969 575 5015 ut
590 4960 696 5024 dicitur,
712 4960 803 5016 carnis
817 4961 960 5030 spurcitias
1010 4969 1095 5024 tatum
1106 4974 1147 5023 nst
1163 4967 1191 5021 in
1204 4966 1325 5020 eamdem
1338 4967 1480 5022 ecclesiam
1492 4970 1592 5019 saumae
1606 4961 1705 5026 Mariae,
1717 4975 1800 5032 quam

168 5034 255 5091 thaso
270 5032 340 5089 calle
364 5033 516 5086 transsire.»
539 5031 670 5086 Alcuinus
691 5029 735 5084 hic
760 5036 875 5085 testatur
890 5031 961 5085 hanc
1010 5038 1109 5093 domna
1128 5034 1200 5092 Gisia
1214 5051 1229 5089 a
1242 5033 1423 5092 fundamentis
1436 5041 1585 5099 struxerat,
1608 5040 1639 5087 nt
1658 5031 1755 5113 legitur
1771 5030 1801 5086 in

167 5104 342 5186 castitatiset
355 5101 622 5158 horammislaudem
638 5098 672 5155 ad
685 5113 961 5170 suasquoqueaures
1010 5108 1082 5161 nist.
1105 5105 1241 5160 Transire.
1263 5115 1365 5162 sanctas
1388 5104 1520 5162 nantildis
1538 5102 1609 5173 apud
1625 5099 1724 5156 llabtll.
1738 5102 1799 5183 liet.

167 5187 421 5308 winegesium
440 5257 493 5294 non
511 5238 591 5295 natat.
613 5239 838 5309 Vocatusnemne
849 5254 876 5322 ‘a
888 5252 959 5309 rese,
1011 5171 1569 5309 ἓιῖἱιῗιιοιὶιιῗι.ὓῖιῖῗιῗῐι.βῗιῖιιὲ.1ἑῖἷῖῗίζὸἰῖ
1580 5171 1802 5298 ggfnmgaseaftffl

168 5305 961 5379 180030000080900880000,0000010000]ῑῦωωὶ
1011 5325 1104 5372 tamen
1116 5313 1256 5384 epistolam
1278 5329 1331 5370 uon
1343 5314 1437 5371 eodem
1450 5327 1520 5368 anno
1536 5311 1599 5376 800,
1618 5309 1667 5368 sed
1745 5309 1802 5367 euti
1874 5345 1877 5350 -

168 5380 251 5450 cuius
263 5380 370 5461 illssssiiss
382 5379 533 5445 molestias,
549 5381 584 5436 ⁰1)
598 5381 719 5505 θῡῐξῡῐῑθ
739 5379 924 5436 infirmitatem
936 5389 964 5442 el
1012 5386 1104 5442 damin
1114 5384 1198 5440 luisse
1207 5383 1343 5449 existimo,
1353 5384 1416 5455 qnia
1425 5382 1634 5448 dicuinnsanno
1644 5379 1698 5437 800
1745 5380 1803 5438 rolo

168 5465 295 5507 anmrem
307 5449 406 5520 quietis
421 5450 448 5504 in
460 5451 624 5505 rnunasterio
651 5451 669 5505 '.
683 5450 801 5516 Martini,
815 5467 831 5505 a
845 5465 875 5506 se
886 5464 963 5507 amo
1013 5455 1071 5526 regi
1085 5461 1149 5512 ante
1165 5452 1303 5509 hibernale
1318 5461 1423 5524 teinpus
1435 5465 1579 5510 occurrere
1593 5467 1647 5508 non
1658 5451 1801 5521 potuisset,

167 5522 239 5577 litut
257 5522 285 5576 in
299 5520 380 5594 epist.
397 5519 432 5576 95
449 5518 532 5645 gonaro
548 5518 619 5592 itte),
639 5521 672 5575 ad
685 5536 786 5593 regem.
803 5521 868 5578 Vide
881 5521 964 5576 etiarn
1013 5540 1078 5597 rege
1091 5525 1189 5594 quippe
1200 5532 1261 5593 post
1271 5537 1390 5580 mensem
1401 5525 1551 5595 Augustum
1562 5521 1622 5591 ejus
1634 5520 1697 5578 anui
1705 5517 1762 5590 jam
1773 5520 1817 5594 in>

167 5590 252 5662 epist.
265 5589 302 5646 92
315 5599 399 5660 inune
414 5589 447 5644 ld
467 5590 487 5656 i.
502 5590 536 5645 ad
552 5588 699 5644 ursonem.
1013 5596 1112 5651 itinere
1126 5594 1240 5650 Rumam
1252 5608 1346 5648 tersus
1356 5593 1514 5648 constituto.

208 5662 310 5716 ¹tltidit.
326 5660 452 5728 Quercet.
465 5657 510 5726 50,
521 5660 612 5715 cano.
626 5657 670 5713 55.
688 5659 814 5731 (Froben.
829 5676 871 5731 cp.
888 5659 944 5783 98.)
969 5667 983 5680 “
1045 5655 1805 5738 149⁰Fcedepirrts,dicuinidisoipulusejusquepostea

209 5743 220 5771 ⁸
236 5730 341 5786 Soteri·
358 5729 505 5800 spirituali.
518 5727 600 5785 Gislte
610 5728 747 5793 nimirum,
761 5746 820 5798 qttte
833 5740 929 5784 nttltttt
942 5731 965 5783 is
1015 5733 1195 5790 successorio
1211 5733 1340 5802 regimine
1354 5734 1510 5788 monasterii
1523 5733 1698 5788 Turonensis.

378 5824 513 5884 larnai..
533 5819 567 5883 C.
1570 5824 1607 5885 10
