4075 6192
237 289 303 361 rni
657 301 687 355 e.
708 297 738 356 r.
759 298 871 356 nentur
890 295 956 356 seu
975 293 1114 354 tuentur
1132 291 1274 354 oeeunu
1292 290 1382 355 esus
1400 289 1432 353 ιι.
1795 293 1867 349 rurs

237 417 288 473 iste
299 422 342 472 est
353 412 394 468 ris
403 411 526 484 quedam
539 409 640 477 diuina,
650 425 711 481 quse
721 410 868 467 eleotomm
882 424 1024 467 numerum
1037 415 1063 473 Α
1076 423 1120 474 ιι,
1137 407 1199 480 25);
1215 410 1262 480 qni
1276 423 1349 464 nunc
1367 408 1474 464 tndem
1495 421 1526 464 se
1546 420 1608 462 este
1626 404 1730 470 dume,
1745 405 1793 461 aed
1812 421 1866 466 netu

237 514 342 561 curtum
362 517 394 558 ac
415 501 555 558 delinitum
574 508 637 556 ante
662 501 759 556 secula
783 500 983 571 predestinavit
997 501 1025 554 in
1075 507 1148 566 sunt,
1163 500 1226 570 quia
1239 514 1338 555 nomen
1352 498 1556 570 qnodextcrius
1577 495 1726 552 secundum
1747 492 1867 552 litteram

236 595 320 665 gloria
334 591 465 648 luterum.
477 590 589 645 Dicatur
600 605 665 661 ergo
679 590 712 646 de
725 590 846 645 victore:
862 589 924 644 Non
936 588 1025 644 dclelro
1075 601 1183 662 gerum,
1199 592 1270 647 intus
1291 592 1438 646 secundnm
1452 591 1576 661 spiritum
1590 589 1747 644 amisenrnt
1760 586 1869 645 ludaeo-

239 700 332 739 nomcu
344 684 400 754 ejus
413 681 519 738 deliiro
531 682 608 747 uitae,·
619 696 652 737 ae
664 681 687 736 si
704 682 823 737 diceret:
838 696 918 752 quem
938 681 1024 735 uicto·
1076 683 1245 753 rumquippe
1262 682 1379 737 nominis
1390 682 1539 753 expressio,
1550 680 1652 737 Christi
1668 678 1866 738 estmnioeeio.

241 793 297 834 rem
313 777 432 833 luterum
448 778 514 845 scio,
530 792 627 833 nomen
642 775 700 847 ejus
714 769 770 845 jam
785 777 916 847 scripturn
930 777 956 832 iu
971 791 1026 832 ειε-
1076 772 1134 828 Elia
1155 780 1246 828 autern
1258 781 1287 827 et
1299 772 1392 828 Enoch
1411 771 1631 843 predicantibus.
1645 780 1710 827 ³⁰10
1720 771 1802 842 1)θᾶθῦ
1815 771 1870 827 Εθ·

237 866 271 922 lis
286 874 373 923 teneo.
388 867 422 921 Er
436 867 577 936 confitebor
586 884 678 923 neuun
692 868 749 937 ejus
767 883 855 922 eorem
875 867 957 921 Putre
967 884 1025 922 meo
1075 863 1163 921 elesiae
1176 864 1313 920 adoraturi
1327 865 1445 930 uenient,
1466 864 1531 935 quia
1545 865 1661 921 aetionis
1672 863 1732 933 ejus
1743 865 1868 935 exempla

239 966 262 1010 et
279 958 379 1029 areclis
390 956 457 1028 eiua.
470 957 540 1025 Quid
552 964 594 1012 est
605 956 674 1012 Filio
687 957 735 1012 Dei
749 957 861 1011 victoris
873 971 969 1010 nomeu
983 971 1027 1012 co
1076 955 1206 1011 inritando
1219 954 1430 1012 venerabuntur.
1446 955 1540 1027 (iens.
1558 953 1615 1026 lb.)
1630 954 1763 1021 Quouiere
1780 973 1870 1012 rene·

240 1063 296 1101 rum
316 1046 398 1101 Patre
414 1060 442 1104 et
462 1046 565 1114 arseciis
579 1045 700 1102 mulleri
713 1087 721 1108 ,
735 1046 786 1100 nisi
799 1045 879 1101 bonis
899 1046 1027 1116 operibns
1075 1044 1110 1099 sti
1127 1044 1392 1116 redeundumne,
1413 1053 1442 1099 et
1461 1052 1571 1098 cetera.
1588 1043 1707 1099 Verbum
1729 1044 1869 1115 patientiae

240 1136 343 1191 unituu:
360 1136 409 1192 sibi
425 1136 497 1191 illem
514 1138 655 1192 ostendere
675 1135 722 1207 qui
744 1135 856 1190 vicerit?
869 1137 941 1206 quod
961 1144 1027 1193 tunc
1076 1136 1198 1206 estquod
1208 1134 1338 1191 Dominum
1347 1134 1469 1205 exemplo
1483 1134 1654 1199 monstrarit,
1664 1149 1727 1189 curn
1738 1134 1766 1188 in
1781 1150 1866 1193 eruce

240 1228 423 1296 principaliter
436 1229 483 1283 liet
503 1244 566 1284 cnm
588 1229 682 1284 clectis
701 1229 823 1285 dicturus
845 1238 907 1286 est:
925 1229 1025 1299 Venite,
1075 1223 1180 1296 positus
1198 1238 1250 1294 pro
1270 1221 1490 1295 persecutoribus
1511 1222 1610 1287 orarit,
1630 1232 1659 1278 01
1671 1222 1871 1280 verbitthwit

238 1315 362 1368 benedicti
379 1316 465 1370 Putris
480 1319 531 1373 mci
544 1317 650 1390 (iluttli.
664 1334 728 1384 ιιι,
740 1318 797 1390 dl),
811 1327 838 1375 et
852 1319 964 1391 reliqua.
1076 1313 1188 1370 dicem:
1205 1312 1375 1384 lupuiemiu
1385 1320 1469 1366 tertre
1479 1310 1643 1381 possidebitis
1654 1312 1757 1367 annuet
1769 1323 1869 1369 oestrus

273 1403 353 1457 Vens.
372 1402 396 1456 7.
409 1435 442 1443 -
459 1403 492 1459 lit
505 1406 597 1477 rupelo
611 1405 801 1479 Plriludelpliioe
814 1409 940 1465 Eccleriec
959 1413 1025 1465 reri·
1076 1404 1153 1475 (buc.
1166 1420 1231 1471 ιιι,
1249 1402 1498 1474 teponniacum
1514 1402 1647 1473 seqnitur,
1660 1411 1684 1456 et
1703 1418 1751 1473 epo
1762 1412 1789 1457 te
1811 1419 1868 1458 aer·

239 1493 367 1548 lesilaec
385 1494 448 1549 dicit
463 1495 577 1551 Suuctur
598 1507 623 1552 ct
656 1495 745 1561 Verus,
770 1499 909 1570 quilebet
929 1497 1027 1555 elecem
1077 1494 1144 1550 aeto
1167 1495 1200 1549 ni
1214 1495 1281 1549 liora
1297 1493 1523 1566 tentationisque
1540 1501 1649 1547 uenture
1669 1493 1871 1548 minoricae

238 1583 331 1649 uirile,
352 1585 398 1654 qui
413 1588 495 1656 aperit
510 1597 534 1641 et
556 1605 629 1643 nemo
651 1588 763 1655 claudit,
784 1590 883 1644 claudit
906 1600 930 1643 et
953 1606 1027 1645 neure
1077 1591 1228 1644 uniuersum
1239 1598 1340 1644 tcuture
1354 1587 1503 1642 dubitantes
1518 1587 1545 1640 in
1557 1594 1637 1648 terre
1655 1586 1691 1641 ad
1707 1584 1873 1643 Antichristi

236 1673 327 1740 sperit.
345 1673 436 1770 (Vnus.
451 1674 490 1747 8.)
503 1675 570 1731 Ecce
582 1678 642 1731 ledi
655 1695 743 1733 corum
755 1688 778 1733 te
791 1680 884 1734 ortum
897 1690 1027 1751 apertum,
1078 1691 1199 1751 tempora
1211 1679 1383 1737 referendum
1398 1686 1451 1745 est,
1466 1677 1517 1733 sub
1535 1692 1590 1748 qno
1600 1684 1674 1731 ιειιιε
1689 1677 1742 1732 erit
1756 1676 1874 1732 tribula-

236 1764 304 1832 puod
321 1781 395 1820 nemo
406 1776 489 1837 potest
502 1768 633 1825 claudere.
648 1770 750 1827 idcirco
763 1772 893 1828 Dominus
907 1773 1025 1843 singula·
1041 1764 1063 1823 B
1077 1773 1127 1838 tio,
1141 1779 1244 1843 quanta
1259 1786 1314 1826 non
1328 1769 1378 1825 luit
1399 1768 1433 1824 ab
1455 1768 1533 1824 initio
1556 1766 1658 1822 seculi.
1678 1768 1750 1822 Dura
1769 1768 1874 1838 quippe

237 1853 303 1908 riter
315 1865 424 1912 sanctus
434 1874 465 1914 ae
477 1875 559 1914 verus
573 1859 682 1926 dicitur,
696 1861 759 1931 quia
769 1861 804 1916 ad
814 1862 872 1932 ejus
885 1876 1027 1933 compara-
1077 1871 1158 1920 eruent
1168 1877 1313 1934 corporum
1324 1861 1446 1925 vulnera,
1460 1859 1507 1914 sed
1520 1856 1873 1929 gravioraadrersariorum

237 1946 335 2002 tionem
356 1949 445 2004 nullus
468 1959 510 2006 εει
523 1960 634 2007 sanctus
649 1952 692 2007 ccl
705 1968 800 2008 rerer.
826 1951 961 2023 Scriptum
985 1960 1028 2008 est
1075 1953 1165 2023 jacula
1180 1947 1434 2024 [Cod.‚miraculn].
1450 1946 1504 2003 Sed
1518 1946 1635 2001 sanctia
1654 1945 1804 2002 tentatione
1823 1944 1874 2000 de·

235 2036 326 2090 urrini:
342 2038 427 2094 Nemo
440 2041 555 2095 mrindns
571 2058 586 2095 a
600 2042 689 2096 sorde.
706 2042 740 2096 Et
752 2043 816 2097 item
831 2059 837 2094 ε
854 2043 937 2096 emeris
949 2040 1026 2096 leonte
1077 2044 1208 2114 ceptionis
1222 2039 1443 2102 reservabuntur,
1458 2037 1589 2108 quianon
1606 2035 1825 2106 provocabuntur
1837 2035 1875 2090 ad

235 2124 348 2179 uerendus
360 2124 446 2198 (Peul.
460 2145 523 2193 cxv,
542 2128 597 2200 it).
611 2129 719 2184 Clavem
732 2138 823 2184 autem
837 2128 923 2184 Dauid
935 2129 1027 2184 incar·
1076 2129 1178 2186 Christi
1189 2129 1368 2199 negationem.
1380 2126 1473 2196 (Vens.
1489 2123 1545 2197 ll.)
1560 2121 1715 2189 Verlucio,
1732 2133 1791 2178 terre
1798 2124 1874 2195 quod

235 2215 371 2271 notionem
381 2217 570 2290 Redemptoris
584 2221 668 2275 nostri
682 2221 841 2291 accipimus,
854 2237 937 2292 quam
952 2236 1026 2276 sum·
1076 2220 1163 2274 heiu.
1178 2218 1238 2275 Cito
1247 2216 1412 2273 seliominus
1421 2222 1565 2271 tenturum
1574 2214 1692 2279 dicit,ne
1702 2213 1762 2283 quis
1772 2213 1801 2266 in
1811 2227 1876 2267 cer·

235 2303 288 2372 psit
297 2319 331 2360 ex
343 2308 445 2363 semine
458 2308 552 2364 Dauid.
567 2309 671 2365 Ostium
684 2310 755 2379 qirod
767 2309 861 2365 eadem
872 2311 1026 2383 clavisape-
1076 2309 1179 2364 tamine
1186 2307 1324 2363 deiiceret.
1331 2305 1469 2361 Gitoenim
1479 2302 1510 2359 lit
1524 2302 1682 2374 omnequod
1696 2300 1803 2356 transit.
1813 2299 1875 2356 Te·

236 2393 271 2447 rit
296 2396 477 2463 antecedit,
504 2399 561 2470 ipse
592 2408 635 2456 est
656 2399 781 2456 Christus
800 2419 807 2467 ;
827 2400 906 2469 juxta
928 2402 1023 2458 illud:
1075 2415 1142 2456 nere
1158 2406 1249 2454 antem
1262 2398 1336 2453 illum
1348 2397 1476 2452 admonet
1485 2395 1604 2451 celestis
1613 2395 1676 2450 uite
1686 2393 1875 2449 conuersatio-

179 2489 192 2508 ”
237 2485 480 2556 dracunculum,
503 2499 531 2545 et
549 2499 658 2546 cetera.
673 2491 764 2560 (loun.
790 2508 818 2556 x,
841 2493 880 2566 9.)
894 2491 939 2548 Sic
952 2494 1023 2549 enirn
1075 2501 1148 2556 nem,
1167 2496 1195 2542 et
1211 2487 1300 2543 reddit
1322 2500 1444 2551 cansam,
1460 2483 1647 2555 subjungens:
1669 2491 1698 2536 ιιι
1709 2498 1786 2536 neore
1799 2481 1874 2537 alius

234 2569 318 2624 cleris
332 2578 360 2626 et
371 2573 470 2628 ostium
485 2574 554 2629 sieut
568 2574 594 2628 in
618 2575 762 2645 Evangelio
781 2583 883 2646 pastor,
897 2586 926 2632 et
941 2579 1024 2634 ostia·
1073 2578 1186 2650 accipiet
1204 2591 1330 2632 eorumne
1349 2583 1432 2628 tuerer.
1456 2574 1485 2628 in
1497 2588 1551 2643 qua
1569 2572 1704 2627 sententia
1718 2568 1874 2626 electorum

235 2660 291 2716 riuis
302 2661 381 2716 simui
393 2669 421 2718 ct
433 2665 533 2719 ostium
547 2667 667 2720 vocatur.
680 2665 784 2721 Ostium
797 2666 888 2736 itaque
898 2677 1022 2738 apertum
1072 2684 1215 2725 numemm
1237 2672 1345 2723 eertum
1357 2680 1391 2720 ac
1408 2664 1549 2720 delinitum
1560 2661 1683 2718 ridemus
1701 2660 1872 2732 complecti;

234 2761 276 2807 est
288 2750 411 2810 Christus
424 2757 570 2811 secundnm
584 2770 694 2812 carnem
715 2764 804 2823 natus,
823 2766 851 2812 et
868 2773 975 2829 passus,
989 2775 1023 2815 ac
1073 2758 1204 2829 stupenda
1222 2770 1336 2829 prorsus
1350 2752 1567 2810 consideratione
1586 2751 1734 2814 intuentes,
1745 2749 1875 2807 huicnec

234 2844 277 2899 die
295 2844 374 2900 tertia
389 2847 551 2913 suscitatus;
575 2854 698 2917 apertum
717 2862 782 2902 vero
800 2862 852 2903 non
866 2848 1020 2917 incredulis,
1070 2847 1131 2902 addi
1148 2862 1312 2918 quemquam
1331 2857 1411 2917 posse
1428 2858 1479 2899 uec
1505 2842 1602 2898 minui.

233 2937 280 2991 sel
291 2938 472 2993 credentibus.
487 2938 543 2994 iioc
557 2940 657 2995 ostium
669 2940 796 2997 claudere
809 2941 965 2997 nitebantur
977 2941 1021 2997 iu·
1107 2934 1188 2990 Viti·
1200 2934 1243 2989 12·
1255 2933 1352 3000 -Qui
1362 2932 1463 2999 decrit,
1475 2931 1574 3001 [tilam
1586 2929 1661 2985 mim
1675 2932 1829 2987 mmmm
1845 2935 1874 2989 ι’»

122 3059 132 3068 ·
233 3026 372 3090 deinum
382 3027 460 3082 cresis
478 3029 605 3099 apostolis
626 3031 779 3087 nuntiarent
802 3047 837 3087 ne
862 3033 889 3087 in
913 3034 1021 3090 nomine
1070 3022 1166 3095 ⁸2³⁸th
1181 3022 1230 3078 ⁰05
1249 3024 1309 3078 '2¹0¹'-
1325 3021 1465 3093 Templum
1478 3022 1527 3078 ⁰05
1546 3019 1874 3089 &incantamen-

232 3114 296 3169 lcsn
309 3114 498 3186 innectentem
512 3120 559 3175 sed
570 3122 632 3192 quia
646 3122 692 3177 ille
704 3123 842 3192 aperiente
854 3138 933 3178 nemo
949 3112 1057 3179 clau-C
1072 3117 1137 3172 lud:
1153 3115 1286 3186 Templum
1297 3115 1348 3170 liei
1360 3124 1480 3170 sumtum
1492 3123 1531 3169 eat
1544 3113 1614 3186 qued
1623 3113 1685 3168 estis
1698 3130 1743 3169 noe
1758 3112 1786 3187 (l
1804 3113 1872 3168 Cor.

235 3202 282 3268 dit,
310 3207 438 3262 continuo
462 3211 680 3282 respondcmnt:
715 3213 778 3268 Nou
802 3231 940 3284 possumus
972 3231 1023 3271 nos
1072 3222 1121 3272 ιιι,
1143 3205 1198 3277 tl).
1222 3206 1255 3260 lit
1278 3205 1342 3276 quia
1361 3220 1416 3260 non
1437 3203 1524 3260 solum
1544 3202 1747 3275 predicatores,
1769 3202 1821 3257 aed
1843 3209 1872 3258 et

234 3309 292 3364 que
303 3293 449 3351 audirimus
472 3315 524 3354 nou
537 3299 610 3372 loqui
622 3301 689 3374 (Act.
713 3318 751 3367 ιι,
770 3302 827 3375 20).
846 3303 902 3360 iioc
915 3303 1023 3362 Asianis
1071 3300 1134 3355 boni
1148 3299 1296 3364 auditores,
1314 3298 1348 3355 de
1362 3298 1474 3369 antiquo
1493 3299 1571 3354 hoste
1586 3297 1769 3368 triumphant3
1785 3303 1872 3366 atque

234 3382 357 3439 clausum
381 3387 495 3458 apostoli
516 3391 622 3460 aperire
635 3399 823 3457 tentarerant;
846 3392 892 3448 sed
912 3393 975 3466 quiin
989 3410 1024 3449 co
1072 3390 1100 3444 in
1114 3391 1167 3447 hoc
1178 3390 1311 3447 versiculo
1328 3391 1417 3446 omnis
1430 3391 1476 3460 orii
1492 3390 1598 3456 uicerit,
1610 3389 1736 3445 columna
1749 3389 1778 3444 in
1797 3396 1873 3444 tem·

234 3473 375 3532 claudente
389 3491 468 3534 nemo
479 3479 576 3549 aperit,
599 3479 738 3552 prohibuit
750 3496 797 3536 cos
817 3482 928 3551 spiritus
947 3481 1021 3537 lesu.
1072 3482 1116 3552 plo
1129 3483 1177 3538 Dei
1196 3482 1255 3538 deri
1270 3482 1437 3552 perhibetur,
1453 3481 1533 3538 laten
1548 3483 1669 3554 cogimur
1682 3482 1735 3537 boc
1747 3495 1809 3537 esee
1822 3495 1873 3535 co-

233 3563 325 3622 Potest
337 3576 365 3623 et
377 3585 427 3639 per
441 3571 535 3625 ortium
551 3581 670 3642 apertum
683 3569 824 3643 Scriptum
839 3570 960 3642 intelligi,
974 3587 1024 3642 per
1073 3571 1190 3627 lumnam
1209 3574 1281 3642 qnod
1308 3572 1448 3644 templum,
1473 3573 1501 3628 id
1518 3581 1561 3628 est
1574 3572 1756 3628 universalem
1771 3571 1872 3627 Eccle-

233 3671 312 3719 uram
335 3660 395 3714 lidei
408 3659 545 3734 gressibus
559 3662 593 3716 ad
612 3662 749 3717 Christum
773 3662 914 3716 intramus.
930 3661 1024 3733 Aperit
1072 3665 1150 3719 siam.
1166 3664 1195 3720 ln
1208 3680 1241 3720 eo
1255 3681 1319 3721 vero
1330 3667 1402 3735 quod
1414 3665 1559 3724 subditur:
1582 3673 1607 3719 et
1625 3665 1698 3735 fores
1715 3681 1768 3720 nort
1789 3679 1870 3733 syre·

235 3749 327 3814 itaque
345 3748 444 3803 ostium
458 3749 534 3805 clave
555 3752 651 3819 David,
675 3759 703 3806 et
726 3767 806 3808 nemo
827 3751 937 3817 claudit,
959 3752 1023 3822 qnia
1072 3757 1160 3812 dictur
1171 3757 1296 3828 aurelius,
1311 3765 1403 3829 aperte
1422 3757 1573 3813 ostenditur
1585 3757 1648 3827 quia
1665 3752 1872 3822 Eodeeiajnm-

233 3835 381 3906 Scriptum
399 3854 485 3896 sacre
505 3841 622 3912 eloquia,
636 3859 697 3913 quae
709 3859 759 3914 per
770 3844 884 3915 gratiam
899 3844 1024 3899 incarna-
1072 3845 1177 3917 pridem
1194 3846 1221 3900 in
1230 3844 1338 3915 juniore
1349 3846 1432 3900 fratrc
1444 3846 1481 3901 ab
1495 3846 1599 3901 unitate
1613 3844 1675 3899 lidei
1687 3852 1715 3898 et
1726 3842 1872 3913 ερειιιιὶο-

234 3927 313 3982 tionis
326 3944 382 3983 snm
395 3929 495 3986 clectos
516 3933 674 4002 spiritaliter
687 3934 835 4004 intelligere
849 3933 925 4000 lacit,
949 3933 1023 3990 nullo
1072 3942 1126 4006 nis,
1156 3956 1237 4011 quatu
1256 3940 1284 3994 in
1296 3941 1434 4011 prophetis
1454 3940 1504 3996 suh
1515 3939 1574 4009 lege
1585 3938 1683 4004 tenuit,
1695 3937 1870 3992 adsereret!

232 4016 384 4074 iudeorum
398 4021 531 4076 uelamine
551 4024 577 4076 in
600 4038 695 4078 eorum
717 4023 844 4079 cordibus
859 4023 1023 4080 adumbrare
1071 4029 1192 4100 perlldiae
1205 4039 1232 4084 et
1248 4045 1338 4099 prave
1357 4030 1471 4086 aetionis
1486 4031 1649 4091 transeam
1665 4028 1714 4084 scd
1727 4026 1870 4083 ccccm

233 4107 313 4162 ualet.
336 4108 508 4165 Econtrario
531 4109 630 4166 luiticis
650 4127 702 4167 uon
724 4112 896 4170 credentibus
909 4112 1022 4180 claudit,
1072 4120 1149 4174 rituli
1165 4120 1279 4193 saginati
1304 4129 1412 4190 recepta
1430 4129 1482 4176 est.
1503 4119 1598 4184 Aliter,
1616 4120 1643 4176 iu
1665 4120 1752 4174 ddum
1770 4135 1870 4174 oniues

234 4206 286 4252 eta
301 4215 436 4270 quoquam
453 4200 552 4270 aperiri
566 4216 619 4257 non
633 4210 730 4272 potest.
747 4202 803 4258 floc
816 4205 899 4258 etiam
911 4205 1021 4259 morali·
1072 4211 1206 4267 exivimus
1233 4221 1288 4266 tam
1308 4210 1392 4267 ludaei
1411 4228 1492 4283 quem
1514 4221 1622 4283 gentem
1647 4210 1695 4266 sed
1716 4211 1868 4265 introducti

233 4296 274 4342 ter
288 4289 385 4370 discuti
398 4292 488 4347 valet:
511 4294 573 4364 quie
592 4291 720 4349 modicum
743 4293 822 4349 hules
846 4295 977 4359 uirtutem,
997 4304 1023 4349 et
1072 4304 1191 4360 proposes
1204 4304 1239 4359 ad
1250 4303 1398 4359 secundum
1410 4301 1508 4367 Adam,
1520 4301 1643 4358 columna
1660 4300 1751 4372 [empti
1764 4300 1814 4354 [ιρι
1824 4298 1870 4355 ef.

232 4381 458 4436 erreurtleeriem
479 4399 576 4451 mcum,
596 4392 621 4439 et
634 4401 687 4439 nou
702 4384 801 4455 requeti
816 4401 909 4440 riomcu
923 4402 1019 4441 nreurn.
1074 4393 1196 4458 licimnr;
1219 4392 1282 4462 quia
1309 4405 1358 4463 per
1378 4392 1538 4463 sanguinem
1558 4390 1680 4460 ejusdem
1705 4389 1870 4445 mediatoris

236 4468 285 4524 llic
307 4484 359 4525 nun
379 4485 463 4541 parua
483 4472 571 4527 oritur
583 4475 712 4544 ιιιιεεειίες
737 4475 870 4544 quomodo
889 4475 1023 4531 modicam
1037 4457 1063 4518 ⁰
1075 4480 1178 4545 nostri,
1204 4480 1307 4550 antiqui
1334 4480 1419 4535 hostis
1434 4486 1599 4535 tentamenta
1623 4486 1792 4549 superantes.
1816 4475 1867 4531 illa

235 4559 333 4615 habeat
352 4561 492 4627 utentem,
506 4563 552 4633 qui
565 4562 678 4619 verbum
691 4564 739 4619 Dei
754 4574 855 4629 servm,
874 4572 904 4620 et
923 4581 1022 4622 nomen
1074 4571 1261 4626 mandatomnt
1279 4570 1426 4627 stabilitate
1439 4570 1468 4625 iu
1482 4583 1599 4641 superna
1611 4574 1767 4623 sancwmm
1776 4564 1866 4636 gloria

231 4649 289 4718 ejus
302 4665 355 4704 non
370 4661 460 4723 negm.
474 4651 618 4708 Sciendum
632 4653 715 4724 igitur
730 4654 793 4724 quia
808 4652 885 4722 iuxta
905 4655 1023 4710 aestima·
1074 4667 1231 4732 solidamur,
1251 4681 1332 4737 quam
1354 4666 1380 4720 in
1396 4665 1483 4736 peiren
1505 4664 1591 4719 Adam
1615 4661 1738 4716 amineae
1760 4659 1867 4730 proba·

234 4741 334 4796 tionem
355 4741 478 4797 humanm
500 4741 779 4798 infirmitatisdietum
798 4751 851 4806 est,
865 4743 929 4812 unia
942 4743 1020 4798 electi
1074 4774 1144 4813 mus,
1176 4757 1230 4814 Sed
1259 4770 1429 4827 nequaquam
1452 4754 1567 4824 amplius
1596 4751 1670 4807 loras
1696 4748 1867 4820 egmdimr,

231 4846 293 4884 ⁰⁰¹¹)
316 4831 401 4885 ”¹¹¹¹ss
419 4832 617 4902 WChfiSWffl
633 4840 755 4902 limum·
776 4845 871 4901 Pilum
894 4845 924 4886 ⁸⁰
942 4847 1022 4901 1³⁰⁵oe
1073 4848 1137 4918 quia
1149 4847 1230 4905 nullis
1240 4847 1342 4904 inimici
1354 4844 1527 4903 suasionibus
1540 4843 1576 4898 ah
1586 4842 1630 4898 illa
1641 4841 1759 4898 eoekstis
1768 4839 1869 4909 pauiae

231 4929 405 4988 presumunt.
425 4918 471 4976 Sic
484 4921 557 4976 enim
570 4920 678 4986 dicitur,
697 4920 827 4974 modicum
847 4919 925 4974 inies
939 4921 1022 4974 cirre·
1073 4939 1210 4995 communi
1222 4938 1349 4995 sepem
1362 4937 1520 4993 avellemur,
1537 4935 1574 4990 Ei
1584 4943 1649 4990 ηομ,
1661 4933 1725 5003 qnia
1736 4932 1823 4987 neum
1835 4946 1869 4986 se

231 5018 294 5072 tem,
313 5019 441 5080 unquam
464 5010 609 5075 diceretur,
635 5024 748 5079 limbi
770 5019 795 5065 ⁸0
817 5018 898 5081 pecs
914 5010 1020 5069 hibere
1070 5027 1136 5083 dicit
1159 5028 1270 5093 habere,
1298 5027 1446 5082 secundum
1465 5022 1662 5080 humanitatem
1684 5020 1808 5090 mouens.
1828 5017 1868 5076 Et

232 5098 372 5152 uirtutem.
1069 5120 1270 5190 renlomtuner
1279 5117 1355 5172 illum
1365 5133 1458 5173 nomen
1471 5115 1521 5172 ne
1532 5114 1591 5178 ιιιιί,
1604 5122 1630 5169 ct
1643 5127 1737 5168 nemu
1748 5108 1868 5164 ciuitatis

266 5203 347 5257 Vens.
362 5204 389 5260 9.
407 5233 443 5244 -
461 5203 530 5259 Ecce
542 5201 611 5259 delo
628 5206 661 5261 de
679 5223 812 5279 spuueopu
832 5205 951 5270 Selene.
974 5222 1018 5278 pru
1070 5206 1119 5262 tter·
1132 5208 1183 5261 mci
1197 5224 1269 5263 noem
1290 5205 1458 5260 Hierusalem
1472 5221 1531 5277 quie
1550 5202 1683 5259 ducende
1705 5200 1738 5253 de
1761 5197 1829 5252 coelo
1849 5216 1868 5252 a

230 5310 257 5346 se
276 5293 366 5350 eliceret
386 5311 441 5349 care
453 5293 573 5360 ludaeos.
593 5306 618 5351 et
633 5314 685 5353 nou
700 5308 770 5363 sunt,
784 5298 830 5353 sed
843 5298 1015 5354 mentientur.
1069 5297 1346 5363 brementensem
1355 5311 1441 5350 mcum
1455 5310 1559 5349 uorum.
1574 5292 1668 5365 (Vens.
1681 5290 1737 5361 ts.)
1753 5288 1807 5356 Qui
1818 5288 1870 5345 lte·

233 5383 299 5437 Ecce
314 5385 410 5453 luriunt
424 5384 483 5440 illos
507 5396 536 5440 ιιι
556 5387 670 5452 uenient,
691 5398 716 5443 et
740 5389 849 5443 ndoreut
863 5398 924 5443 uule
942 5387 1018 5458 pedet
1072 5386 1113 5440 iet
1127 5402 1216 5449 eures,
1235 5385 1327 5439 audiet
1344 5385 1408 5456 ouid
1423 5384 1537 5456 Spiritus
1554 5382 1626 5437 dicet
1647 5378 1783 5436 Ecclesiit.
1806 5375 1868 5433 No·

231 5487 301 5540 rues,
313 5487 337 5531 et
349 5480 430 5535 arieru
443 5480 569 5550 quonium
592 5496 638 5550 cpe
655 5479 736 5533 dilexi
750 5489 783 5534 te.
807 5478 864 5534 iloc
878 5481 937 5534 loco
952 5479 1019 5533 ildes
1071 5492 1133 5533 nun
1147 5477 1236 5532 Patris
1253 5491 1333 5548 supra
1347 5477 1499 5534 uincentem
1520 5475 1614 5540 scribi,
1625 5482 1667 5529 est
1678 5487 1727 5542 per
1740 5470 1868 5542 adoptio·

231 5565 386 5638 predicitur
398 5566 561 5635 ludaeorum,
575 5569 652 5639 juxta
672 5569 759 5623 illud:
782 5568 863 5622 donec
884 5565 1017 5636 plenitudo
1070 5580 1132 5620 nem
1147 5564 1265 5634 Spiritus
1281 5566 1377 5621 Filium
1394 5565 1541 5636 eiuseliici.
1555 5564 1615 5632 Quo
1625 5563 1699 5635 enim
1712 5560 1784 5632 strio
1794 5559 1868 5615 scri·

231 5657 345 5730 prutluur
359 5657 481 5724 irrtrueet,
496 5669 519 5711 ct
530 5660 567 5713 sic
581 5661 663 5714 orrrnis
675 5659 759 5714 isreel
768 5661 816 5728 dut
826 5663 911 5713 sulcus
925 5655 1013 5727 (dom.
1070 5656 1155 5722 bitur,
1169 5656 1221 5710 nisi
1240 5657 1380 5712 enehorum
1400 5656 1486 5727 gratia
1505 5655 1638 5726 Spiritus?
1652 5651 1729 5710 lludc
1745 5652 1866 5722 Aposto-
