4075 6192
141 311 195 369 dil
554 304 761 367 antistes.
778 334 815 347 ·-
831 305 1010 365 ΟΟΜΙΕΝΤ.
1023 308 1058 364 lN
1070 308 1166 366 thN.
1184 338 1219 349 ·-
1237 309 1302 364 sits.
1321 310 1364 366 tlt.
1726 316 1792 376 m

139 427 298 486 mutuasse
311 424 404 491 acuas
426 421 516 489 lesus,
529 431 557 477 et
578 422 731 481 amiensem
752 424 788 480 ad
802 439 833 481 se
846 425 936 481 multi·
950 428 974 487 s
989 428 1112 500 figurate,
1123 432 1170 487 sed
1180 431 1287 502 proprie
1299 433 1373 489 selus
1383 433 1513 505 implevit.
1524 453 1533 487 ι
1551 435 1633 504 Puer,
1644 437 1691 509 qui
1702 439 1782 510 quin·

140 517 262 574 tudinem
277 513 377 569 tillim
389 510 557 582 perhibemr,
568 511 667 569 divin&
686 512 796 582 Ρίθῑίῑὶῦ
809 513 939 571 indiciam
989 536 1043 592 goe
1064 536 1148 593 panes
1168 532 1196 578 et
1218 524 1285 580 duos
1306 525 1396 594 pisces
1417 527 1520 593 habuit,
1546 543 1595 585 nec
1619 539 1709 588 umen
1731 532 1782 593 ios

138 614 183 663 est
196 622 204 662 t
217 604 420 676 quiaridelicet
434 603 588 661 cunctisad
602 606 736 661 sevenire
744 607 937 676 quarentibus,
987 613 1170 670 esurientibus
1192 614 1279 670 turbis
1303 615 1451 679 distribuit,
1477 619 1524 674 sed
1550 619 1663 677 Domim
1686 621 1779 679 distri·

139 696 230 771 gratia
241 695 434 751 misericordie
446 696 719 752 caelestisoecurrere
729 698 891 763 consuevit;
911 707 940 754 et
987 702 1110 759 mandor
1118 704 1227 771 obtulit,
1236 704 1350 775 populus
1359 707 1573 775 estludneerum,
1582 710 1691 768 litterali
1701 728 1782 770 sensu

140 803 175 844 ne
188 789 335 859 quaerendo
353 801 446 842 errare
459 788 576 856 possint,
595 787 683 843 lucem
696 786 738 843 sui
752 786 864 856 spiritus
875 800 939 857 ape-
988 794 1110 862 puerilis,
1126 797 1173 866 gui
1199 795 1401 869 scripturarum
1423 798 1495 855 dicta
1513 802 1605 859 clausa
1628 819 1719 862 ιιοιιιιι
1742 812 1782 863 te-

140 878 195 934 rire
208 875 380 933 currentibus
391 876 466 948 ille..
481 876 686 949 quarentibusl.
701 875 769 932 llam
786 876 858 946 quod
868 876 937 932 oculi
989 882 1057 946 nuit,
1070 898 1132 953 qna
1147 893 1236 940 umen
1249 884 1378 941 Dominus
1391 889 1417 942 in
1431 903 1513 943 carne
1524 893 1780 964 apparensaccepit,

137 962 205 1021 lesu
227 963 297 1019 ⁶0⁰³
319 962 436 1036 spritus
457 965 643 1036 deauratae
657 966 808 1035 ᾱιεῑιιιιιι.
823 973 940 1021 tesam
987 972 1176 1044 amianas
1196 975 1327 1031 samam
1340 977 1677 1048 uirtroosscuoaoms,
1690 992 1782 1040 oson-

140 1055 168 1109 in
181 1053 345 1125 Apoca'ppsi
360 1052 488 1119 loannes,
503 1056 549 1125 qui
573 1056 733 1129 tiguratede
746 1055 937 1126 illeloqucnst
988 1063 1047 1129 dit;
1062 1078 1142 1133 quam
1162 1064 1302 1135 multiplici
1324 1067 1435 1135 spiritus
1448 1069 1546 1138 gratia,
1569 1086 1628 1140 quic
1648 1087 1735 1142 pauca
1749 1090 1784 1130 ac

139 1142 175 1199 Et
189 1142 257 1209 ridi,
271 1143 368 1212 inquit,
383 1160 480 1215 egeam
493 1155 605 1200 siemera
615 1155 741 1210 tumeam
752 1149 877 1213 ocmwm,
889 1147 938 1201 lra-
988 1150 1114 1222 despecta
1133 1152 1304 1219 videbantur,
1327 1153 1408 1225 520
1428 1157 1620 1226 exuberarent,
1635 1159 1780 1231 pascimin

139 1235 240 1289 umens
261 1251 361 1289 cernuo
372 1238 623 1306 septemdecim
641 1249 749 1309 ιεριιιιι,
765 1240 811 1310 pei
821 1248 882 1294 cast
897 1255 938 1294 re·
987 1248 1016 1296 et
1028 1242 1087 1298 hoc
1104 1256 1155 1313 per
1173 1243 1310 1313 apostoles
1331 1259 1403 1305 sues,
1424 1248 1660 1319 apostolorumque
1674 1265 1781 1307 succes·

137 1336 208 1396 ptem
221 1323 337 1397 Spimtss
350 1326 399 1381 Dci
409 1329 481 1383 missi
493 1331 520 1384 in
532 1345 634 1384 emnem
644 1339 741 1386 terrem
755 1332 847 1402 (spec.
859 1347 885 1395 v,
898 1329 936 1403 6).
987 1343 1073 1395 strues,
1087 1330 1191 1385 eunctis
1205 1331 1360 1387 nationibus
1369 1334 1546 1390 ministranda
1557 1338 1688 1406 porrexit.
1706 1337 1782 1395 Unde

139 1413 218 1482 enoc
245 1423 353 1471 tentam
378 1416 531 1488 Philippum
560 1418 701 1484 Dominus,
727 1418 807 1482 aride
838 1420 936 1490 inquit,
987 1417 1303 1490 bcnealiievangelistae
1318 1420 1448 1487 mierum,
1471 1424 1534 1492 grtia
1549 1440 1632 1495 panes
1647 1436 1675 1480 et
1694 1427 1783 1496 pisces

139 1523 255 1565 ememor
280 1524 373 1577 pones,
397 1518 427 1563 st
450 1509 606 1564 manducent
630 1510 681 1573 lni;
707 1509 820 1581 provida
845 1510 938 1580 utique
988 1507 1118 1564 Dominus
1139 1508 1287 1580 discipulis,
1309 1509 1433 1580 discipuli
1456 1521 1546 1568 ιιιιιιιι
1561 1514 1784 1571 ministraverunt

139 1596 344 1666 impensatione
365 1596 441 1663 lacit,
457 1612 510 1654 nen
524 1606 554 1654 ut
575 1599 643 1668 ipse,
666 1614 726 1668 quae
739 1614 793 1654 noo
814 1607 936 1663 noverat,
987 1601 1076 1656 turbis
1091 1599 1200 1671 (Doti.
1221 1617 1285 1667 ¹¹¹3
1299 1601 1365 1656 dac.
1381 1618 1425 1668 sr;
1450 1603 1535 1658 llere
1551 1608 1600 1674 ιι).
1625 1604 1693 1661 Cum
1708 1607 1780 1663 enim

140 1687 243 1751 discat,
254 1664 302 1742 sed
315 1695 348 1741 ut
361 1686 500 1758 Philippus
521 1688 676 1745 tarditatem
697 1704 754 1745 suae
767 1688 840 1754 ddei,
856 1704 937 1760 quam
987 1691 1166 1747 ministerium
1181 1691 1306 1749 humanae
1318 1692 1413 1749 salutis
1426 1694 1531 1748 initium
1544 1696 1693 1766 accepisset
1703 1711 1781 1751 enar·

139 1775 269 1847 maglstre
282 1777 384 1832 sciente
404 1779 461 1847 ipse
473 1779 620 1846 nesciebat,
633 1786 752 1835 ortatus
764 1787 902 1848 agnoscat,
914 1788 943 1835 et
959 1762 979 1820 Β
993 1781 1049 1836 rari
1062 1795 1112 1852 per
1124 1781 1278 1848 Domimm,
1289 1781 1324 1837 ab
1337 1782 1377 1838 eis
1396 1783 1442 1853 qui
1458 1784 1600 1840 audierunt
1614 1785 1641 1841 in
1655 1800 1705 1841 nos
1718 1799 1798 1841 eon·-

139 1866 270 1923 ruiracule
280 1866 352 1923 laete
361 1868 484 1939 castiget.
495 1866 588 1938 Neque
597 1869 670 1925 enim
679 1868 803 1924 dubitare
811 1869 941 1926 debuerat
990 1870 1127 1926 mannaan
1136 1879 1187 1927 est.
1200 1870 1325 1942 Quinque
1334 1872 1466 1942 siquidem
1476 1887 1569 1942 panes,
1581 1881 1609 1929 ct
1618 1873 1685 1930 duos
1694 1876 1783 1944 pisces

138 1967 274 2029 presente
286 1968 525 2022 rerumcrsatore,
538 1957 686 2028 guiedocit
698 1957 938 2028 panem'dcterra,
988 1957 1078 2030 fregit,
1100 1968 1128 2014 et
1147 1958 1286 2014 distribuit
1303 1957 1450 2028 discipulis,
1473 1961 1581 2028 quando
1604 1962 1709 2032 aperuit
1728 1961 1782 2017 illis

136 2058 165 2104 et
178 2049 270 2104 ιίιιιιιιι
283 2047 380 2121 [Bedm
398 2049 473 2124 vino]
496 2050 616 2107 laetillcat
637 2065 685 2106 eor
708 2051 825 2107 hominus
849 2049 936 2121 (Psoi.
987 2066 1107 2116 mosum,
1122 2059 1152 2107 ut
1165 2049 1347 2119 intelligerent
1358 2051 1448 2107 omnia
1461 2066 1522 2121 quac
1533 2052 1633 2121 scripta
1645 2062 1736 2108 essent
1752 2054 1780 2107 in

138 2152 199 2202 crit,
213 2137 270 2205 ts),
283 2153 431 2209 panmrom
454 2140 628 2197 denariorum
641 2156 725 2212 panes
737 2140 864 2197 sullicere
879 2150 937 2198 tor-
987 2139 1047 2211 lege
1067 2138 1162 2210 llupsi,
1175 2147 1204 2195 st
1226 2136 1380 2208 Prophetis,
1399 2145 1427 2194 et
1449 2137 1563 2195 Psalmis
1584 2139 1617 2195 de
1632 2139 1689 2210 ipse
1703 2139 1781 2209 (Luc,

140 2226 238 2283 barum
250 2227 380 2293 millibus,
405 2244 459 2285 non
475 2232 580 2301 paucis,
602 2240 633 2286 ut
656 2231 841 2302 unusquisque
862 2230 938 2288 solli·
987 2230 1076 2301 xxiv).
1090 2230 1220 2301 Discipuli
1236 2239 1420 2299 apposuerunt
1437 2229 1534 2295 turbis,
1546 2230 1654 2302 quando
1666 2228 1781 2300 proiecti

139 2317 245 2373 eleuter
256 2319 402 2388 acciperet,
416 2328 444 2376 et
454 2320 512 2389 iarn
527 2329 666 2377 saturatus
680 2323 777 2377 abiret.
986 2319 1313 2393 pretiosissimumque
1328 2317 1441 2374 Domim
1455 2326 1627 2387 cooperante,
1641 2325 1669 2372 et
1682 2331 1782 2374 memo

174 2407 256 2463 Vsus.
272 2410 355 2465 8·ll.
366 2440 402 2450 -
417 2409 486 2466 Dicit
498 2412 522 2465 ei
534 2427 602 2466 ones
613 2427 645 2466 ee
654 2410 791 2482 discipulis
803 2412 871 2482 ejas,
883 2414 937 2468 An·
986 2427 1048 2467 nem
1061 2409 1238 2467 conflrmante
1258 2408 1434 2480 mouentibus
1447 2407 1531 2479 siguis
1543 2405 1642 2476 (idere.
1656 2424 1713 2473 svs,
1723 2406 1781 2478 su).

134 2495 217 2551 dress
230 2494 314 2566 freter
335 2495 449 2559 Simoms
466 2498 560 2553 Petri:
586 2498 634 2554 Est
647 2515 713 2570 puer
735 2516 804 2555 unas
826 2500 879 2566 liic,
891 2503 937 2571 qvi
987 2504 1101 2566 Ferrum,
1115 2501 1142 2556 in
1155 2515 1209 2571 que
1229 2499 1402 2555 discumbens
1414 2498 1494 2552 turba
1514 2496 1644 2563 relicitur,
1656 2498 1784 2569 eoncupi-

135 2585 215 2642 sata
227 2588 341 2660 pirisque
358 2606 439 2661 pones
458 2590 625 2653 hordeaceos,
639 2600 664 2646 et
685 2590 753 2645 dues
772 2592 865 2662 pisces.
884 2589 936 2646 Sed
986 2593 1089 2649 scentia
1100 2589 1219 2647 carnalis
1228 2587 1397 2656 intelligitur,
1405 2602 1486 2657 quam
1499 2586 1647 2643 calcareas
1657 2602 1781 2658 premere

134 2675 195 2733 hee
207 2677 271 2749 quid
283 2687 344 2735 rem
356 2678 425 2733 inter
438 2688 524 2734 tostos
535 2679 548 2733 i
560 2678 630 2733 Dicit
642 2678 744 2749 crpoei
760 2677 859 2734 iesse:
881 2677 906 2730 F
907 2695 937 2732 ov
986 2682 1066 2738 dehet
1079 2680 1167 2736 omnis
1188 2678 1235 2750 qui
1250 2675 1416 2748 spiritalibus
1435 2676 1571 2732 alimentis
1595 2676 1688 2731 satiari
1710 2675 1781 2731 desi-

135 2768 190 2823 cite
204 2767 322 2823 homines
335 2767 507 2823 discumbere.
523 2767 591 2824 Erat
614 2777 701 2823 netem
722 2766 812 2836 senum
826 2767 937 2823 metron
987 2773 1074 2828 derat.
1091 2769 1183 2825 Omnis
1202 2768 1271 2823 enim
1289 2782 1351 2821 cero
1365 2766 1465 2836 lenem,
1478 2773 1503 2819 et
1517 2765 1602 2820 omisis
1622 2763 1707 2834 glorio
1721 2764 1780 2834 eius

136 2859 167 2914 ira
180 2857 248 2915 lace.
269 2858 463 2915 Dismiserunt
482 2876 544 2930 ergo
565 2860 628 2925 riri,
645 2876 753 2915 ramere
771 2860 847 2930 quasi
860 2860 937 2930 pain·
986 2875 1111 2935 tanguam
1123 2862 1172 2932 pies
1196 2858 1250 2930 [ersi
1269 2856 1348 2929 (lsai.
1362 2871 1407 2923 ss,
1422 2853 1460 2927 d).
1487 2854 1643 2911 Discumbat
1658 2869 1724 2924 crgo
1737 2868 1783 2908 su·

135 2964 190 3022 gor
201 2948 296 3004 addin.
310 2950 415 3021 saepit
429 2965 490 3021 ergo
509 2965 590 3022 penes
607 2948 698 3014 lesus,
710 2958 735 3004 et
757 2965 817 3003 cam
836 2950 936 3019 pretias
986 2970 1035 3025 per
1048 2952 1151 3016 ionum,
1165 2949 1260 3005 liorem
1276 2946 1330 3003 leni
1343 2954 1477 3012 conterat,
1491 2946 1581 3010 idest,
1596 2944 1710 3015 castiget
1722 2958 1781 2999 arr·

136 3037 244 3110 ‘simis
258 3038 390 3094 disistit&
414 3036 645 3095 &mmmm
668 3036 794 3094 Similiter
812 3047 837 3092 et
850 3053 883 3093 tx
895 3037 935 3108 pt'·
987 3062 1038 3118 pus
1050 3058 1139 3109 suum,
1154 3053 1182 3098 ct
1199 3041 1323 3099 servituti
1337 3037 1463 3109 subjiciat
1479 3036 1507 3111 (Ι
1516 3036 1579 3093 Ger.
1594 3054 1634 3103 ιι,
1649 3036 1696 3108 si)
1709 3053 1717 3101 ;
1732 3051 1783 3092 voa

137 3129 240 3196 “fimi
263 3141 391 3202 ‘mmm
417 3129 547 3187 witlam·
573 3130 697 3201 Quinque
724 3138 815 3186 sulem
841 3144 936 3202 Danti,
949 3107 973 3170 c
988 3137 1105 3208 luptates
1113 3128 1783 3201 camisedomet,luroriaeDuxarestriogatqnis-

138 3222 240 3292 qnibm
252 3221 449 3278 multitudinem
469 3222 560 3294 populi
573 3222 717 3289 muravit,
739 3222 859 3294 quinque
873 3229 938 3277 suot
989 3227 1051 3298 quis
1071 3225 1150 3299 ponis
1166 3223 1220 3279 vivi
1241 3222 1316 3294 cupit
1336 3220 1468 3278 suavitate
1489 3219 1578 3284 rellei,
1599 3218 1722 3290 qusquis
1736 3233 1797 3273 sue·

139 3313 206 3370 libri
220 3313 315 3385 lleysi,
330 3312 429 3384 quibus
447 3313 562 3385 spiritali
585 3311 724 3369 intellectu
745 3311 897 3384 patefactis,
911 3319 940 3367 et
988 3331 1079 3388 oernae
1098 3314 1192 3387 gratiae
1204 3312 1318 3384 (lapibus
1335 3309 1472 3376 renovari,
1486 3324 1520 3365 nc
1540 3308 1636 3365 intima
1644 3315 1797 3365 vetustate⁴

141 3400 332 3458 &bundanliffli
349 3399 405 3469 1³1ss
429 3415 509 3457 ⁸0⁰⁸ss
524 3400 717 3472 fflsslfiilifflfib
740 3401 894 3457 auditorum
908 3400 939 3456 ss·
988 3405 1107 3470 dedolat,
1121 3412 1203 3460 amet.
1225 3402 1349 3472 Dasioque
1365 3399 1449 3456 millia
1462 3400 1584 3455 virorum
1603 3399 1651 3471 qui
1667 3398 1800 3454 mando--

140 3492 243 3549 delium
257 3492 377 3562 quotidie
401 3492 483 3548 eorda
507 3491 605 3547 relleit
629 3489 681 3557 Qui
702 3489 772 3546 bene
795 3489 938 3548 hordeacei
987 3504 1128 3561 caverunt,
1150 3493 1344 3567 perlectionem
1363 3493 1424 3547 visa
1446 3506 1541 3547 eorsrm
1555 3490 1603 3560 apri
1624 3489 1707 3545 verbo
1720 3488 1782 3543 reli-

141 3582 228 3638 iuisse
249 3582 413 3648 reseruntur,
435 3589 547 3653 prepter
560 3582 688 3637 nimirum
709 3581 860 3637 austeriora
872 3581 940 3654 legis
987 3588 1097 3644 mantus
1111 3585 1206 3659 [Dede
1229 3582 1422 3654 perlectionem
1442 3596 1547 3643 eorum,
1565 3579 1611 3649 gui
1624 3578 1707 3634 verbo
1718 3578 1780 3633 viae

140 3670 244 3739 edicta
256 3680 285 3727 et
296 3672 480 3742 integumenta
493 3672 591 3727 litterae
604 3672 742 3744 grossiora
756 3670 852 3744 [Dede
862 3688 939 3744 gros-
985 3673 1167 3747 reticiunturl,
1187 3672 1333 3729 insinuant.
1353 3663 1479 3724 Virorum
1501 3668 1599 3737 quippe
1619 3666 1727 3723 nemine
1741 3682 1782 3723 su-

142 3761 248 3836 sioris],
262 3779 322 3834 quae
339 3763 498 3820 interiorem
513 3764 717 3837 intelligentiam
735 3765 865 3837 spiritalis
876 3781 939 3822 sen·
988 3767 1044 3823 lent
1058 3767 1085 3821 in
1099 3763 1248 3833 scriptoris
1264 3757 1447 3831 perfectiores.
1459 3758 1559 3828 quique
1577 3757 1699 3828 ligurari,
1713 3773 1783 3828 quos

143 3869 193 3910 sus
204 3854 281 3924 guasi
293 3846 437 3911 medullam
450 3853 585 3912 celabant.
598 3855 657 3912 Due
668 3864 757 3912 summ
769 3856 857 3928 pisces
870 3872 939 3928 quos
989 3852 1107 3909 leminea
1121 3846 1249 3905 mollities
1263 3846 1336 3901 nulla
1350 3847 1516 3915 corrumpit:
1529 3845 1622 3913 quaes
1634 3861 1695 3902 esse
1708 3846 1783 3916 cupit

144 3942 258 4008 addidit,
271 3944 470 4015 psalmistarum
483 3961 539 4000 non
553 3945 773 4001 inconvenienter
784 3953 813 4000 et
825 3946 940 4017 prophe-
988 3956 1046 4006 cos,
1069 3939 1167 4009 quibus
1185 3936 1251 3993 dicit
1272 3934 1430 4006 apostolus:
1456 3932 1577 4004 Vigilate,
1591 3943 1657 3988 stote
1676 3936 1703 3988 in
1715 3935 1780 4003 fide,

143 4048 236 4094 tarum
259 4036 360 4107 scripta
381 4035 544 4108 significant,
565 4050 681 4107 querum
695 4036 742 4091 uul
756 4035 888 4102 merendo,
901 4034 940 4091 al·
988 4032 1099 4089 uiriliter
1112 4030 1192 4102 agite,
1205 4037 1230 4084 et
1249 4025 1436 4095 confortamini
1454 4024 1481 4094 (l
1495 4022 1557 4079 Cer.
1573 4040 1628 4089 xvi,
1643 4024 1698 4095 la).
1723 4024 1782 4078 llil-

144 4125 198 4182 teri
220 4122 315 4197 [Reda
330 4140 447 4181 mum...
460 4124 588 4198 alterum]
611 4125 798 4196 coDeqoendo,
815 4127 872 4184 stris
891 4143 940 4184 au·
989 4121 1109 4178 lemnius
1130 4129 1222 4176 autem
1246 4131 1384 4178 numerus,
1403 4115 1472 4170 ultra
1495 4128 1576 4183 quem
1599 4113 1672 4168 nulla
1690 4120 1799 4169 nestra,

141 4214 278 4273 ditoribus
290 4214 380 4272 lutura
393 4214 506 4282 Christi,
519 4223 548 4273 ct
560 4214 687 4273 Ecclesiae
696 4226 865 4273 sacramenta
877 4232 940 4275 nar·
989 4211 1155 4283 computatio
1166 4208 1323 4272 succrescit,
1334 4206 1526 4277 plenitudinem
1540 4219 1631 4260 rerum
1641 4203 1783 4275 dequibus

143 4302 252 4359 rabant.
275 4303 311 4360 Et
321 4305 390 4361 bene
409 4319 458 4374 per
469 4305 598 4374 apuadlia
611 4305 759 4361 animantia
785 4306 938 4378 ligurantur
990 4301 1081 4372 agitem
1103 4301 1224 4356 indicare
1247 4297 1397 4377 cesisucvit.
1422 4295 1551 4364 Quinarie
1575 4310 1640 4352 vere
1667 4308 1781 4349 numam

141 4396 217 4451 itlius
228 4397 279 4453 ει)
299 4410 455 4468 pensan&
479 4396 507 4452 in
529 4412 583 4469 quo
605 4397 719 4468 populus
743 4396 861 4453 fidelium
879 4398 939 4454 sine
990 4391 1110 4461 quinque
1123 4387 1256 4445 notissimi
1270 4384 1391 4454 corperis
1414 4382 1498 4438 nostri
1520 4381 1782 4451 sensusexprimun-

142 4486 224 4556 aquis
235 4486 362 4557 baptismi
377 4486 467 4541 vivere
485 4486 637 4542 nullatenus
651 4494 772 4558 posset.»
797 4485 877 4552 Sunt,
892 4486 938 4558 qui
954 4448 1048 4549 ⁰tor,
1064 4478 1294 4542 visosvidelicet,
1315 4475 1433 4537 auditus,
1447 4479 1551 4546 gustus,
1570 4470 1686 4527 ollactus
1699 4480 1727 4527 et
1741 4480 1781 4527 ta·

143 4587 251 4651 putam,
257 4579 326 4635 duos
339 4580 428 4649 pisces
437 4579 483 4650 qui
495 4592 619 4649 saporem
630 4593 740 4634 suavem
750 4579 815 4649 pani
827 4579 938 4644 ᾱιὴιῃι,
990 4580 1060 4629 eltis.
1074 4571 1103 4626 ln
1116 4569 1214 4639 quihus
1226 4565 1341 4638 magidis
1352 4564 1505 4636 quicunque
1518 4561 1634 4618 viriliter
1645 4575 1734 4633 agere,
1753 4567 1783 4617 el

144 4674 214 4729 duas
235 4672 295 4728 illas
315 4687 447 4744 personas
466 4671 630 4741 significare,
644 4670 742 4739 quibus
762 4670 876 4741 populum
895 4669 940 4726 ille
990 4660 1283 4729 commarisaosuut.
1301 4653 1780 4726 wbriibsi1⁰⁸10201P10Vit011d0·

144 4766 302 4838 regebatur,
316 4774 348 4820 ut
359 4780 409 4835 per
427 4778 475 4820 eas
487 4761 662 4818 consiliomm
683 4760 857 4816 moderamen
869 4760 941 4816 acei-
991 4752 1149 4811 utcoelcstis
1160 4748 1298 4820 sapientiae
1311 4753 1465 4803 mereantur
1480 4744 1621 4801 dulcedine
1642 4743 1780 4809 recreari3

145 4866 232 4928 peret
247 4856 352 4928 regiam
361 4854 465 4912 scilieet
475 4862 503 4910 et
513 4851 708 4909 sacerdotalem
718 4867 726 4916 ;
738 4850 772 4906 ad
781 4851 941 4922 gnasetiam
991 4842 1160 4902 ninimirum
1173 4839 1292 4911 quinque
1300 4836 1418 4892 millibffl
1428 4836 1560 4902 limium·
1572 4849 1640 4907 t¹¹⁰⁸
1652 4834 1781 4891 ⁰0¹¹¹¹¹¹¹¹⁵

146 4956 321 5002 sacrosancta
337 4945 382 5000 illa
396 4945 488 5000 unctio
508 4941 680 5013 pertinebat;
695 4954 809 5009 quarum
822 4938 939 4996 efficium
991 4934 1113 5006 mysticis
1137 4932 1252 5002 dapibus
1275 4927 1392 4995 satiavit,
1417 4927 1578 4997 ligurantur.
1601 4925 1657 4982 Nec
1669 4931 1782 4998 prester·

146 5045 207 5092 erat
219 5035 375 5106 procellosis
388 5033 514 5090 ductibus
522 5029 698 5104 popularibus
706 5043 843 5098 uunquam
853 5026 941 5100 frangi
990 5026 1108 5082 eundum
1126 5023 1197 5093 quud
1211 5019 1361 5076 selecturus
1375 5016 1571 5073 multitudinem
1593 5016 1695 5089 gratias
1715 5015 1780 5086 egit.

146 5139 231 5198 atque
255 5126 414 5197 eorrumpi;
436 5136 465 5182 et
484 5124 627 5203 violentas·
644 5121 785 5176 turbarum
808 5120 943 5176 contradi·
991 5117 1053 5186 Egit
1068 5114 1166 5184 quippe
1187 5112 1300 5182 gratim,
1316 5117 1387 5165 utet
1405 5124 1455 5163 nos
1475 5106 1654 5178 deperceptis
1676 5105 1782 5161 caelitus

147 5220 253 5276 ctioncs
277 5227 405 5287 tanquam
431 5217 605 5273 adversantes
627 5212 714 5269 undas
736 5224 807 5281 sape
827 5208 943 5263 disrum—
992 5206 1149 5265 muneribus
1170 5204 1272 5273 gratias
1295 5216 1401 5270 semper
1424 5213 1504 5270 agere
1527 5199 1645 5262 doceret,
1670 5205 1698 5252 et
1724 5197 1781 5267 ipse

146 5326 226 5384 pere,
239 5311 374 5368 interdum
387 5310 428 5365 eis
440 5309 573 5364 custodita
585 5323 634 5364 sua
653 5301 812 5372 integritate
824 5298 938 5361 eedem
992 5302 1121 5366 quantum
1135 5292 1170 5348 de
1186 5292 1286 5346 nestris
1297 5290 1461 5360 prolectibus
1474 5289 1632 5357 gratuletur,
1643 5287 1677 5343 de
1686 5296 1780 5345 nestm

147 5417 263 5477 prm-30,
281 5417 356 5458 mom
369 5401 494 5475 piscium,
519 5406 646 5466 unqua„
658 5396 685 5450 in
700 5390 849 5465 procellose
859 5388 951 5452 mari,
993 5382 1107 5460 spiritali
1122 5380 1268 5438 relectione
1279 5381 1401 5450 gaudeat,
1418 5378 1565 5433 intimaret.
1580 5377 1666 5434 Vultis
1680 5377 1779 5439 etenim

150 5498 192 5552 mc
216 5496 243 5550 iu
272 5493 425 5553 ιιιγιιιιιιιιι
451 5487 542 5564 populi
568 5485 801 5542 administratione
826 5478 938 5537 versam
995 5490 1084 5540 nosse,
1096 5472 1204 5535 iratres,
1217 5478 1347 5540 quantom
1363 5466 1488 5523 Salvator
1498 5474 1591 5525 nestm
1604 5474 1703 5523 nostra
1715 5483 1783 5540 gau·

151 5591 218 5654 Qua
229 5594 319 5639 omen
332 5583 393 5639 dua
405 5595 527 5653 persone
550 5575 693 5632 ὓοιιιίιιιιιιι
712 5581 833 5631 nestrum
853 5567 942 5643 praeli·
995 5569 1058 5624 deat
1073 5562 1172 5621 saluti?
1186 5559 1284 5615 Narrat
1297 5558 1461 5630 evangelista
1481 5557 1580 5622 Lucas,
1595 5556 1700 5615 dedisse
1719 5571 1796 5613 eum»

154 5677 308 5746 pasinianu
330 5674 423 5729 ambas
445 5671 516 5727 enim
539 5669 611 5725 selus
632 5665 675 5720 ille
695 5664 832 5728 sustinuit,
847 5669 942 5716 etnon
979 5655 1134 5739 ¹discipulis
1155 5659 1318 5724 potestatem
1336 5647 1456 5707 calcandi
1478 5663 1560 5720 supra
1580 5662 1686 5703 orassem
1699 5644 1783 5704 vlrtu·
